<?xml version='1.0' encoding='utf-8'?>
<record xmlns="http://www.loc.gov/MARC21/slim" xmlns:xsi="http://www.w3.org/2001/XMLSchema-instance">
  <leader>00000nacaa22003131a^4500</leader>
  <controlfield tag="001">002746961</controlfield>
  <controlfield tag="005">20150522163140.0</controlfield>
  <controlfield tag="008">940609m196119uumiu^^^^^^^^^^l000^0^eng^d</controlfield>
  <datafield tag="035" ind1=" " ind2=" ">
    <subfield code="a">(RLIN)MIUV91-B463</subfield>
  </datafield>
  <datafield tag="035" ind1=" " ind2=" ">
    <subfield code="a">(OCoLC)702899210</subfield>
  </datafield>
  <datafield tag="040" ind1=" " ind2=" ">
    <subfield code="a">MiU-H</subfield>
    <subfield code="c">MiU-H</subfield>
  </datafield>
  <datafield tag="110" ind1="1" ind2=" ">
    <subfield code="a">Ann Arbor (Mich.).</subfield>
    <subfield code="b">Planning Commission.</subfield>
  </datafield>
  <datafield tag="245" ind1="1" ind2="0">
    <subfield code="a">[Ann Arbor Planning Commission publications].</subfield>
  </datafield>
  <datafield tag="260" ind1=" " ind2=" ">
    <subfield code="a">Ann Arbor, Mich. :</subfield>
    <subfield code="b">The Commission,</subfield>
    <subfield code="c">1961-19--</subfield>
  </datafield>
  <datafield tag="300" ind1=" " ind2=" ">
    <subfield code="a">5 linear ft.</subfield>
  </datafield>
  <datafield tag="555" ind1="0" ind2=" ">
    <subfield code="a">Finding aid in the library.</subfield>
  </datafield>
  <datafield tag="555" ind1="0" ind2=" ">
    <subfield code="a">Finding aid via World Wide Web at URL: http://quod.lib.umich.edu/cgi/f/findaid/findaid-idx?c=bhlead&amp;idno=umich-bhl-4150</subfield>
  </datafield>
  <datafield tag="500" ind1=" " ind2=" ">
    <subfield code="a">Also includes publications of the related office Ann Arbor City Planning Dept.</subfield>
  </datafield>
  <datafield tag="651" ind1=" " ind2="0">
    <subfield code="a">Ann Arbor (Mich.)</subfield>
    <subfield code="x">Economic conditions.</subfield>
  </datafield>
  <datafield tag="651" ind1=" " ind2="0">
    <subfield code="a">Ann Arbor (Mich.)</subfield>
    <subfield code="x">Population.</subfield>
  </datafield>
  <datafield tag="651" ind1=" " ind2="0">
    <subfield code="a">Ann Arbor (Mich.)</subfield>
    <subfield code="v">Statistics.</subfield>
  </datafield>
  <datafield tag="610" ind1="1" ind2="0">
    <subfield code="a">Ann Arbor (Mich.).</subfield>
    <subfield code="b">Planning Commission.</subfield>
  </datafield>
  <datafield tag="610" ind1="1" ind2="0">
    <subfield code="a">Ann Arbor (Mich.).</subfield>
    <subfield code="b">City Planning Department.</subfield>
  </datafield>
  <datafield tag="650" ind1=" " ind2="0">
    <subfield code="a">City planning</subfield>
    <subfield code="z">Michigan</subfield>
    <subfield code="z">Ann Arbor.</subfield>
  </datafield>
  <datafield tag="650" ind1=" " ind2="0">
    <subfield code="a">Housing</subfield>
    <subfield code="z">Michigan</subfield>
    <subfield code="z">Ann Arbor.</subfield>
  </datafield>
  <datafield tag="650" ind1=" " ind2="0">
    <subfield code="a">Parks</subfield>
    <subfield code="z">Michigan</subfield>
    <subfield code="z">Ann Arbor.</subfield>
  </datafield>
  <datafield tag="650" ind1=" " ind2="0">
    <subfield code="a">Recreation</subfield>
    <subfield code="z">Michigan</subfield>
    <subfield code="z">Ann Arbor.</subfield>
  </datafield>
  <datafield tag="710" ind1="1" ind2=" ">
    <subfield code="a">Ann Arbor (Mich.).</subfield>
    <subfield code="b">City Planning Department.</subfield>
  </datafield>
  <datafield tag="856" ind1="4" ind2="2">
    <subfield code="3">Finding aid:</subfield>
    <subfield code="u">http://quod.lib.umich.edu/cgi/f/findaid/findaid-idx?c=bhlead&amp;idno=umich-bhl-4150</subfield>
  </datafield>
  <datafield tag="852" ind1="8" ind2=" ">
    <subfield code="a">MiU-H</subfield>
    <subfield code="b">BENT</subfield>
    <subfield code="h">4150 Aa 2 Box 1</subfield>
  </datafield>
  <datafield tag="852" ind1="8" ind2=" ">
    <subfield code="a">MiU-H</subfield>
    <subfield code="b">BENT</subfield>
    <subfield code="h">4150 Aa 2 Box 4</subfield>
  </datafield>
  <datafield tag="852" ind1="8" ind2=" ">
    <subfield code="a">MiU-H</subfield>
    <subfield code="b">BENT</subfield>
    <subfield code="h">4150 Aa 2 Box 3</subfield>
  </datafield>
  <datafield tag="852" ind1="8" ind2=" ">
    <subfield code="a">MiU-H</subfield>
    <subfield code="b">BENT</subfield>
    <subfield code="h">4150 Aa 2 Box 2</subfield>
  </datafield>
  <datafield tag="852" ind1="8" ind2=" ">
    <subfield code="a">MiU-H</subfield>
    <subfield code="b">BENT</subfield>
    <subfield code="h">4150 Aa 2 Box 5</subfield>
  </datafield>
  <datafield tag="997" ind1=" " ind2=" ">
    <subfield code="a">MARS</subfield>
  </datafield>
  <datafield tag="998" ind1=" " ind2=" ">
    <subfield code="c">LAC</subfield>
    <subfield code="s">9114</subfield>
  </datafield>
  <datafield tag="955" ind1=" " ind2=" ">
    <subfield code="b">BENT</subfield>
    <subfield code="p">39015071662709</subfield>
    <subfield code="z">Capital improvements budget and program, 1997/2003</subfield>
  </datafield>
  <datafield tag="955" ind1=" " ind2=" ">
    <subfield code="b">BENT</subfield>
    <subfield code="p">39015071846245</subfield>
    <subfield code="z">Annual report, 1965/1966</subfield>
  </datafield>
  <datafield tag="955" ind1=" " ind2=" ">
    <subfield code="b">BENT</subfield>
    <subfield code="p">39015071846252</subfield>
    <subfield code="z">Annual report, 1977</subfield>
  </datafield>
  <datafield tag="955" ind1=" " ind2=" ">
    <subfield code="b">BENT</subfield>
    <subfield code="p">39015071846260</subfield>
    <subfield code="z">Annual report, 1976</subfield>
  </datafield>
  <datafield tag="955" ind1=" " ind2=" ">
    <subfield code="b">BENT</subfield>
    <subfield code="p">39015071846278</subfield>
    <subfield code="z">Annual report, 1975</subfield>
  </datafield>
  <datafield tag="955" ind1=" " ind2=" ">
    <subfield code="b">BENT</subfield>
    <subfield code="p">39015071846286</subfield>
    <subfield code="z">Capital improvements budget and program, 1960/1965</subfield>
  </datafield>
  <datafield tag="955" ind1=" " ind2=" ">
    <subfield code="b">BENT</subfield>
    <subfield code="p">39015071846294</subfield>
    <subfield code="z">Capital improvements budget and program, 1961/1966</subfield>
  </datafield>
  <datafield tag="955" ind1=" " ind2=" ">
    <subfield code="b">BENT</subfield>
    <subfield code="p">39015071846302</subfield>
    <subfield code="z">Capital improvements budget and program, 1964/1970</subfield>
  </datafield>
  <datafield tag="955" ind1=" " ind2=" ">
    <subfield code="b">BENT</subfield>
    <subfield code="p">39015071846310</subfield>
    <subfield code="z">Capital improvements budget and program, 1965/1971 (General development plan)</subfield>
  </datafield>
  <datafield tag="955" ind1=" " ind2=" ">
    <subfield code="b">BENT</subfield>
    <subfield code="p">39015071846328</subfield>
    <subfield code="z">Capital improvements budget and program, 1966/1972</subfield>
  </datafield>
  <datafield tag="955" ind1=" " ind2=" ">
    <subfield code="b">BENT</subfield>
    <subfield code="p">39015071846336</subfield>
    <subfield code="z">Capital improvements budget and program, 1967/1973</subfield>
  </datafield>
  <datafield tag="955" ind1=" " ind2=" ">
    <subfield code="b">BENT</subfield>
    <subfield code="p">39015071846344</subfield>
    <subfield code="z">Capital improvements budget and program, 1968/1974</subfield>
  </datafield>
  <datafield tag="955" ind1=" " ind2=" ">
    <subfield code="b">BENT</subfield>
    <subfield code="p">39015071846351</subfield>
    <subfield code="z">Capital improvements budget and program, 1969/1975</subfield>
  </datafield>
  <datafield tag="955" ind1=" " ind2=" ">
    <subfield code="b">BENT</subfield>
    <subfield code="p">39015071846369</subfield>
    <subfield code="z">Capital improvements budget and program, 1970/1976</subfield>
  </datafield>
  <datafield tag="955" ind1=" " ind2=" ">
    <subfield code="b">BENT</subfield>
    <subfield code="p">39015071846377</subfield>
    <subfield code="z">Capital improvements budget and program, 1971/1977 (draft)</subfield>
  </datafield>
  <datafield tag="955" ind1=" " ind2=" ">
    <subfield code="b">BENT</subfield>
    <subfield code="p">39015071846385</subfield>
    <subfield code="z">Capital improvements budget and program, 1972/1977</subfield>
  </datafield>
  <datafield tag="955" ind1=" " ind2=" ">
    <subfield code="b">BENT</subfield>
    <subfield code="p">39015071846393</subfield>
    <subfield code="z">Capital improvements budget and program, 1975/1980 (draft, October, 1974)</subfield>
  </datafield>
  <datafield tag="955" ind1=" " ind2=" ">
    <subfield code="b">BENT</subfield>
    <subfield code="p">39015071846401</subfield>
    <subfield code="z">Capital improvements budget and program, 1975/1980 (draft, November, 1974)</subfield>
  </datafield>
  <datafield tag="955" ind1=" " ind2=" ">
    <subfield code="b">BENT</subfield>
    <subfield code="p">39015071846419</subfield>
    <subfield code="z">Capital improvements budget and program, 1976/1981 (draft, October, 1975)</subfield>
  </datafield>
  <datafield tag="955" ind1=" " ind2=" ">
    <subfield code="b">BENT</subfield>
    <subfield code="p">39015071846427</subfield>
    <subfield code="z">Capital improvements budget and program, 1976/1981</subfield>
  </datafield>
  <datafield tag="955" ind1=" " ind2=" ">
    <subfield code="b">BENT</subfield>
    <subfield code="p">39015071846435</subfield>
    <subfield code="z">Capital improvements budget and program, 1977/1982 (draft, November, 1976)</subfield>
  </datafield>
  <datafield tag="955" ind1=" " ind2=" ">
    <subfield code="b">BENT</subfield>
    <subfield code="p">39015071846443</subfield>
    <subfield code="z">Capital improvements budget and program, 1977/1982 (draft, October, 1976)</subfield>
  </datafield>
  <datafield tag="955" ind1=" " ind2=" ">
    <subfield code="b">BENT</subfield>
    <subfield code="p">39015071846450</subfield>
    <subfield code="z">Capital improvements budget and program, 1977/1982</subfield>
  </datafield>
  <datafield tag="955" ind1=" " ind2=" ">
    <subfield code="b">BENT</subfield>
    <subfield code="p">39015071846468</subfield>
    <subfield code="z">Capital improvements budget and program, 1978/1983 (draft, October, 1977)</subfield>
  </datafield>
  <datafield tag="955" ind1=" " ind2=" ">
    <subfield code="b">BENT</subfield>
    <subfield code="p">39015071846476</subfield>
    <subfield code="z">Capital improvements budget and program, 1978/1983 (draft, December, 1977)</subfield>
  </datafield>
  <datafield tag="955" ind1=" " ind2=" ">
    <subfield code="b">BENT</subfield>
    <subfield code="p">39015071846484</subfield>
    <subfield code="z">Capital improvements budget and program, 1978/1983</subfield>
  </datafield>
  <datafield tag="955" ind1=" " ind2=" ">
    <subfield code="b">BENT</subfield>
    <subfield code="p">39015071846492</subfield>
    <subfield code="z">Capital improvements budget and program, 1980/1985</subfield>
  </datafield>
  <datafield tag="955" ind1=" " ind2=" ">
    <subfield code="b">BENT</subfield>
    <subfield code="p">39015071846500</subfield>
    <subfield code="z">Capital improvements budget and program, 1983/1988</subfield>
  </datafield>
  <datafield tag="955" ind1=" " ind2=" ">
    <subfield code="b">BENT</subfield>
    <subfield code="p">39015071846518</subfield>
    <subfield code="z">Capital improvements budget and program, 1986/1991</subfield>
  </datafield>
  <datafield tag="955" ind1=" " ind2=" ">
    <subfield code="b">BENT</subfield>
    <subfield code="p">39015071846526</subfield>
    <subfield code="z">Capital improvements budget and program, 1987/1992</subfield>
  </datafield>
  <datafield tag="955" ind1=" " ind2=" ">
    <subfield code="b">BENT</subfield>
    <subfield code="p">39015071846534</subfield>
    <subfield code="z">Capital improvements budget and program, 1990/1996</subfield>
  </datafield>
  <datafield tag="955" ind1=" " ind2=" ">
    <subfield code="b">BENT</subfield>
    <subfield code="p">39015071846542</subfield>
    <subfield code="z">Capital improvements budget and program, 1991/1997</subfield>
  </datafield>
  <datafield tag="955" ind1=" " ind2=" ">
    <subfield code="b">BENT</subfield>
    <subfield code="p">39015071846559</subfield>
    <subfield code="z">Minutes, 1957-1958</subfield>
  </datafield>
  <datafield tag="955" ind1=" " ind2=" ">
    <subfield code="b">BENT</subfield>
    <subfield code="p">39015071846567</subfield>
    <subfield code="z">Planning information brochure, 1956</subfield>
  </datafield>
  <datafield tag="955" ind1=" " ind2=" ">
    <subfield code="b">BENT</subfield>
    <subfield code="p">39015071846575</subfield>
    <subfield code="z">Chapter 55 ? Zoning (proposed zoning chapter), 1960</subfield>
  </datafield>
  <datafield tag="955" ind1=" " ind2=" ">
    <subfield code="b">BENT</subfield>
    <subfield code="p">39015071846583</subfield>
    <subfield code="z">Population and housing: a report on population and housing based on the 1960 federal decennial census. 1961</subfield>
  </datafield>
  <datafield tag="955" ind1=" " ind2=" ">
    <subfield code="b">BENT</subfield>
    <subfield code="p">39015071846591</subfield>
    <subfield code="z">Annual report, 1964/1965</subfield>
  </datafield>
  <datafield tag="955" ind1=" " ind2=" ">
    <subfield code="b">BENT</subfield>
    <subfield code="p">39015071846609</subfield>
    <subfield code="z">Annual report, 1962/1963</subfield>
  </datafield>
  <datafield tag="955" ind1=" " ind2=" ">
    <subfield code="b">BENT</subfield>
    <subfield code="p">39015071846617</subfield>
    <subfield code="z">Capital improvements budget and program, 1975/1980</subfield>
  </datafield>
  <datafield tag="955" ind1=" " ind2=" ">
    <subfield code="b">BENT</subfield>
    <subfield code="p">39015071846625</subfield>
    <subfield code="z">West Jackson, Liberty-Stadium-Virginia Park area study (General development plan), 1963</subfield>
  </datafield>
  <datafield tag="955" ind1=" " ind2=" ">
    <subfield code="b">BENT</subfield>
    <subfield code="p">39015071846633</subfield>
    <subfield code="z">Northeast area study (General development plan), 1963</subfield>
  </datafield>
  <datafield tag="955" ind1=" " ind2=" ">
    <subfield code="b">BENT</subfield>
    <subfield code="p">39015071846641</subfield>
    <subfield code="z">Ann Arbor Metropolitan Area traffic study: tabulations and trip tables, 1963</subfield>
  </datafield>
  <datafield tag="955" ind1=" " ind2=" ">
    <subfield code="b">BENT</subfield>
    <subfield code="p">39015071846658</subfield>
    <subfield code="z">Report of commercial zoning and development in Ann Arbor, 1962</subfield>
  </datafield>
  <datafield tag="955" ind1=" " ind2=" ">
    <subfield code="b">BENT</subfield>
    <subfield code="p">39015071846666</subfield>
    <subfield code="z">Land development regulations (General development plan, Part 3, chapter 2, section 1-3), 1962</subfield>
  </datafield>
  <datafield tag="955" ind1=" " ind2=" ">
    <subfield code="b">BENT</subfield>
    <subfield code="p">39015071846674</subfield>
    <subfield code="z">Planning Commission function and responsibility, 1964</subfield>
  </datafield>
  <datafield tag="955" ind1=" " ind2=" ">
    <subfield code="b">BENT</subfield>
    <subfield code="p">39015071846682</subfield>
    <subfield code="z">R4 multiple family density study, 1965</subfield>
  </datafield>
  <datafield tag="955" ind1=" " ind2=" ">
    <subfield code="b">BENT</subfield>
    <subfield code="p">39015071846690</subfield>
    <subfield code="z">Master plan profile: City of Ann Arbor Michigan general development plan, a descriptive summary, 1965</subfield>
  </datafield>
  <datafield tag="955" ind1=" " ind2=" ">
    <subfield code="b">BENT</subfield>
    <subfield code="p">39015071846708</subfield>
    <subfield code="z">Land development regulations, amended (General development plan, Part III, Chater 2, Section 1-3), 1965</subfield>
  </datafield>
  <datafield tag="955" ind1=" " ind2=" ">
    <subfield code="b">BENT</subfield>
    <subfield code="p">39015071846716</subfield>
    <subfield code="z">Economic base report (General development plan), 1965</subfield>
  </datafield>
  <datafield tag="955" ind1=" " ind2=" ">
    <subfield code="b">BENT</subfield>
    <subfield code="p">39015071846724</subfield>
    <subfield code="z">R4 multiple family density study: revised copy, 1967</subfield>
  </datafield>
  <datafield tag="955" ind1=" " ind2=" ">
    <subfield code="b">BENT</subfield>
    <subfield code="p">39015071846732</subfield>
    <subfield code="z">Industrial survey: factors affecting location-relocation patterns of manufacturing-research firms in the Ann Arbor area: a working paper (General development plan), 1967</subfield>
  </datafield>
  <datafield tag="955" ind1=" " ind2=" ">
    <subfield code="b">BENT</subfield>
    <subfield code="p">39015071846740</subfield>
    <subfield code="z">Economic base: a working paper (General development plan), 1967</subfield>
  </datafield>
  <datafield tag="955" ind1=" " ind2=" ">
    <subfield code="b">BENT</subfield>
    <subfield code="p">39015071846757</subfield>
    <subfield code="z">Plymouth Road density potential study, 1966</subfield>
  </datafield>
  <datafield tag="955" ind1=" " ind2=" ">
    <subfield code="b">BENT</subfield>
    <subfield code="p">39015071846765</subfield>
    <subfield code="z">Planned unit development study (Preliminary), 1966</subfield>
  </datafield>
  <datafield tag="955" ind1=" " ind2=" ">
    <subfield code="b">BENT</subfield>
    <subfield code="p">39015071846773</subfield>
    <subfield code="z">Urban design for Ann Arbor (no date), 1968</subfield>
  </datafield>
  <datafield tag="955" ind1=" " ind2=" ">
    <subfield code="b">BENT</subfield>
    <subfield code="p">39015071846781</subfield>
    <subfield code="z">Urban design for Ann Arbor (a general development plan working paper, February 1968), 1968</subfield>
  </datafield>
  <datafield tag="955" ind1=" " ind2=" ">
    <subfield code="b">BENT</subfield>
    <subfield code="p">39015071846799</subfield>
    <subfield code="z">State St. mall evaluation (Preliminary), 1968</subfield>
  </datafield>
  <datafield tag="955" ind1=" " ind2=" ">
    <subfield code="b">BENT</subfield>
    <subfield code="p">39015071846807</subfield>
    <subfield code="z">Land development regulations supplement (General development plan, March 1970), 1970</subfield>
  </datafield>
  <datafield tag="955" ind1=" " ind2=" ">
    <subfield code="b">BENT</subfield>
    <subfield code="p">39015071846815</subfield>
    <subfield code="z">Design review, 1970</subfield>
  </datafield>
  <datafield tag="955" ind1=" " ind2=" ">
    <subfield code="b">BENT</subfield>
    <subfield code="p">39015071846823</subfield>
    <subfield code="z">Zoning chapter amendments: townhouse and multi-family zones, 1971</subfield>
  </datafield>
  <datafield tag="955" ind1=" " ind2=" ">
    <subfield code="b">BENT</subfield>
    <subfield code="p">39015071846831</subfield>
    <subfield code="z">R2B district study, 1971</subfield>
  </datafield>
  <datafield tag="955" ind1=" " ind2=" ">
    <subfield code="b">BENT</subfield>
    <subfield code="p">39015071846849</subfield>
    <subfield code="z">Guide for change, 1971</subfield>
  </datafield>
  <datafield tag="955" ind1=" " ind2=" ">
    <subfield code="b">BENT</subfield>
    <subfield code="p">39015071846856</subfield>
    <subfield code="z">Guide for change (summary), 1971</subfield>
  </datafield>
  <datafield tag="955" ind1=" " ind2=" ">
    <subfield code="b">BENT</subfield>
    <subfield code="p">39015071846864</subfield>
    <subfield code="z">Briarwood Shopping Center: a comprehensive report, 1971</subfield>
  </datafield>
  <datafield tag="955" ind1=" " ind2=" ">
    <subfield code="b">BENT</subfield>
    <subfield code="p">39015071846872</subfield>
    <subfield code="z">Land development manual (Part II and III, first draft), 1972</subfield>
  </datafield>
  <datafield tag="955" ind1=" " ind2=" ">
    <subfield code="b">BENT</subfield>
    <subfield code="p">39015071846880</subfield>
    <subfield code="z">General characteristics of population and housing, March 1972</subfield>
  </datafield>
  <datafield tag="955" ind1=" " ind2=" ">
    <subfield code="b">BENT</subfield>
    <subfield code="p">39015071846898</subfield>
    <subfield code="z">General characteristics of population and housing, December 1972</subfield>
  </datafield>
  <datafield tag="955" ind1=" " ind2=" ">
    <subfield code="b">BENT</subfield>
    <subfield code="p">39015071846906</subfield>
    <subfield code="z">Pittsfield Valley south area plan, 1973</subfield>
  </datafield>
  <datafield tag="955" ind1=" " ind2=" ">
    <subfield code="b">BENT</subfield>
    <subfield code="p">39015071846914</subfield>
    <subfield code="z">Land development manual (Part I and IV, first drafts, Part II, Chapters 1-5, revised), 1973</subfield>
  </datafield>
  <datafield tag="955" ind1=" " ind2=" ">
    <subfield code="b">BENT</subfield>
    <subfield code="p">39015071846922</subfield>
    <subfield code="z">General development plan for the city of Ann Arbor, July 1973</subfield>
  </datafield>
  <datafield tag="955" ind1=" " ind2=" ">
    <subfield code="b">BENT</subfield>
    <subfield code="p">39015071846930</subfield>
    <subfield code="z">General development plan for the city of Ann Arbor, June 1973</subfield>
  </datafield>
  <datafield tag="955" ind1=" " ind2=" ">
    <subfield code="b">BENT</subfield>
    <subfield code="p">39015071846948</subfield>
    <subfield code="z">Central area policy plan for the city of Ann Arbor, June 1973, as amended July 24, 1973</subfield>
  </datafield>
  <datafield tag="955" ind1=" " ind2=" ">
    <subfield code="b">BENT</subfield>
    <subfield code="p">39015071846955</subfield>
    <subfield code="z">Central area policy plan for the city of Ann Arbor, June 1973</subfield>
  </datafield>
  <datafield tag="955" ind1=" " ind2=" ">
    <subfield code="b">BENT</subfield>
    <subfield code="p">39015071846963</subfield>
    <subfield code="z">Central area inventory report for the city of Ann Arbor, 1974</subfield>
  </datafield>
  <datafield tag="955" ind1=" " ind2=" ">
    <subfield code="b">BENT</subfield>
    <subfield code="p">39015071846971</subfield>
    <subfield code="z">Ann Arbor City Planning Commission: Organization, duties, policies, procedures, by-laws, 1974</subfield>
  </datafield>
  <datafield tag="955" ind1=" " ind2=" ">
    <subfield code="b">BENT</subfield>
    <subfield code="p">39015071846989</subfield>
    <subfield code="z">Zoning chapter revision working papers, 1975</subfield>
  </datafield>
  <datafield tag="955" ind1=" " ind2=" ">
    <subfield code="b">BENT</subfield>
    <subfield code="p">39015071846997</subfield>
    <subfield code="z">Downtown concept plan (Draft 2, summary), 1975</subfield>
  </datafield>
  <datafield tag="955" ind1=" " ind2=" ">
    <subfield code="b">BENT</subfield>
    <subfield code="p">39015071847003</subfield>
    <subfield code="z">Downtown Ann Arbor: a development and conservation strategy, 1975</subfield>
  </datafield>
  <datafield tag="955" ind1=" " ind2=" ">
    <subfield code="b">BENT</subfield>
    <subfield code="p">39015071847011</subfield>
    <subfield code="z">Downtown Ann Arbor: a development and conservation strategy (Central area plan, Part 1) (Draft), 1975</subfield>
  </datafield>
  <datafield tag="955" ind1=" " ind2=" ">
    <subfield code="b">BENT</subfield>
    <subfield code="p">39015071847029</subfield>
    <subfield code="z">Ann Arbor Municipal Airport, Master Plan Phase I, 1975</subfield>
  </datafield>
  <datafield tag="955" ind1=" " ind2=" ">
    <subfield code="b">BENT</subfield>
    <subfield code="p">39015071847037</subfield>
    <subfield code="z">Land use (Central neighborhood plan working paper, 1), 1976</subfield>
  </datafield>
  <datafield tag="955" ind1=" " ind2=" ">
    <subfield code="b">BENT</subfield>
    <subfield code="p">39015071847045</subfield>
    <subfield code="z">Downtown zoning (Working paper, 6), 1976</subfield>
  </datafield>
  <datafield tag="955" ind1=" " ind2=" ">
    <subfield code="b">BENT</subfield>
    <subfield code="p">39015071847060</subfield>
    <subfield code="z">Compendium of south area plans and policies: core planning districts, 1976</subfield>
  </datafield>
  <datafield tag="955" ind1=" " ind2=" ">
    <subfield code="b">BENT</subfield>
    <subfield code="p">39015071847078</subfield>
    <subfield code="z">Commercial zoning (Working paper, 4), 1976</subfield>
  </datafield>
  <datafield tag="955" ind1=" " ind2=" ">
    <subfield code="b">BENT</subfield>
    <subfield code="p">39015071847086</subfield>
    <subfield code="z">Circulation plan elements (Circulation plan, Section 3) (Draft 1 of parts 5 and 6: pedestrian ways and rails), 1976</subfield>
  </datafield>
  <datafield tag="955" ind1=" " ind2=" ">
    <subfield code="b">BENT</subfield>
    <subfield code="p">39015071847094</subfield>
    <subfield code="z">Circulation plan elements (Circulation plan, Section 3) (Draft 1 of part 4: bicycle pathways), 1976</subfield>
  </datafield>
  <datafield tag="955" ind1=" " ind2=" ">
    <subfield code="b">BENT</subfield>
    <subfield code="p">39015071847102</subfield>
    <subfield code="z">Circulation plan elements (Circulation plan, Section 3) (Draft 1 of part 3: parking), 1976</subfield>
  </datafield>
  <datafield tag="955" ind1=" " ind2=" ">
    <subfield code="b">BENT</subfield>
    <subfield code="p">39015071847110</subfield>
    <subfield code="z">Circulation plan elements (Circulation plan, Section 3) (Draft 1 of part 2: transit), 1976</subfield>
  </datafield>
  <datafield tag="955" ind1=" " ind2=" ">
    <subfield code="b">BENT</subfield>
    <subfield code="p">39015071847128</subfield>
    <subfield code="z">Circulation plan elements (Circulation plan, Section 3) (Draft 1 of part 1: roads), 1976</subfield>
  </datafield>
  <datafield tag="955" ind1=" " ind2=" ">
    <subfield code="b">BENT</subfield>
    <subfield code="p">39015071847136</subfield>
    <subfield code="z">Neighborhood livability and streets (Central neighborhood plan working paper, 3), 1977</subfield>
  </datafield>
  <datafield tag="955" ind1=" " ind2=" ">
    <subfield code="b">BENT</subfield>
    <subfield code="p">39015071847144</subfield>
    <subfield code="z">Housing (Central neighborhood plan working paper, 2), 1977</subfield>
  </datafield>
  <datafield tag="955" ind1=" " ind2=" ">
    <subfield code="b">BENT</subfield>
    <subfield code="p">39015071847151</subfield>
    <subfield code="z">Downtown Ann Arbor: a conservation and development strategy, 1977</subfield>
  </datafield>
  <datafield tag="955" ind1=" " ind2=" ">
    <subfield code="b">BENT</subfield>
    <subfield code="p">39015071847169</subfield>
    <subfield code="z">The downtown and close-in neighborhoods: that uneasy feeling (Central neighborhood plan working paper, 4), 1977</subfield>
  </datafield>
  <datafield tag="955" ind1=" " ind2=" ">
    <subfield code="b">BENT</subfield>
    <subfield code="p">39015071847177</subfield>
    <subfield code="z">Circulation problem solving process (5th draft), 1977</subfield>
  </datafield>
  <datafield tag="955" ind1=" " ind2=" ">
    <subfield code="b">BENT</subfield>
    <subfield code="p">39015071847185</subfield>
    <subfield code="z">Plan for solving circulation problems, 1977</subfield>
  </datafield>
  <datafield tag="955" ind1=" " ind2=" ">
    <subfield code="b">BENT</subfield>
    <subfield code="p">39015071847193</subfield>
    <subfield code="z">Proposed 1990 circulation plan (4th draft), map errata sheet and appendices, 1977</subfield>
  </datafield>
  <datafield tag="955" ind1=" " ind2=" ">
    <subfield code="b">BENT</subfield>
    <subfield code="p">39015071847201</subfield>
    <subfield code="z">Proposed 1990 circulation plan (4th draft), 1977</subfield>
  </datafield>
  <datafield tag="955" ind1=" " ind2=" ">
    <subfield code="b">BENT</subfield>
    <subfield code="p">39015071847219</subfield>
    <subfield code="z">Vacant land inventory, 1978</subfield>
  </datafield>
  <datafield tag="955" ind1=" " ind2=" ">
    <subfield code="b">BENT</subfield>
    <subfield code="p">39015071847227</subfield>
    <subfield code="z">Proposed parks and open space plan, 1978</subfield>
  </datafield>
  <datafield tag="955" ind1=" " ind2=" ">
    <subfield code="b">BENT</subfield>
    <subfield code="p">39015071847235</subfield>
    <subfield code="z">Analysis of planning options and recommendations: a study of transitional and vacant land areas in Ann Arbor, 1980</subfield>
  </datafield>
  <datafield tag="955" ind1=" " ind2=" ">
    <subfield code="b">BENT</subfield>
    <subfield code="p">39015071847243</subfield>
    <subfield code="z">Planning options for Ann Arbor: a preliminary paper on land use options for transitional and vacant land areas, 1980</subfield>
  </datafield>
  <datafield tag="955" ind1=" " ind2=" ">
    <subfield code="b">BENT</subfield>
    <subfield code="p">39015071847250</subfield>
    <subfield code="z">Ann Arbor's housing supply and household characteristics, 1980</subfield>
  </datafield>
  <datafield tag="955" ind1=" " ind2=" ">
    <subfield code="b">BENT</subfield>
    <subfield code="p">39015071847268</subfield>
    <subfield code="z">Ann Arbor household survey, supplemental tables (Preliminary), 1980</subfield>
  </datafield>
  <datafield tag="955" ind1=" " ind2=" ">
    <subfield code="b">BENT</subfield>
    <subfield code="p">39015071847276</subfield>
    <subfield code="z">Ann Arbor community natural features inventory, 1981</subfield>
  </datafield>
  <datafield tag="955" ind1=" " ind2=" ">
    <subfield code="b">BENT</subfield>
    <subfield code="p">39015071847284</subfield>
    <subfield code="z">Plan for transitional and vacant land areas, 1981</subfield>
  </datafield>
  <datafield tag="955" ind1=" " ind2=" ">
    <subfield code="b">BENT</subfield>
    <subfield code="p">39015071847292</subfield>
    <subfield code="z">Ann Arbor's park, recreation and open space plan, Preliminary draft, June 1981</subfield>
  </datafield>
  <datafield tag="955" ind1=" " ind2=" ">
    <subfield code="b">BENT</subfield>
    <subfield code="p">39015071847300</subfield>
    <subfield code="z">Zoning chapter revisions (Draft), 1981</subfield>
  </datafield>
  <datafield tag="955" ind1=" " ind2=" ">
    <subfield code="b">BENT</subfield>
    <subfield code="p">39015071847318</subfield>
    <subfield code="z">Ann Arbor's park, recreation and open space plan, Final draft, June 1981</subfield>
  </datafield>
  <datafield tag="955" ind1=" " ind2=" ">
    <subfield code="b">BENT</subfield>
    <subfield code="p">39015071847326</subfield>
    <subfield code="z">A guide for change: policies for public and private action, Second draft, 1969</subfield>
  </datafield>
  <datafield tag="955" ind1=" " ind2=" ">
    <subfield code="b">BENT</subfield>
    <subfield code="p">39015071847334</subfield>
    <subfield code="z">The Ann Arbor growth study, 1972</subfield>
  </datafield>
  <datafield tag="955" ind1=" " ind2=" ">
    <subfield code="b">BENT</subfield>
    <subfield code="p">39015071847342</subfield>
    <subfield code="z">A guide for change: policies for public and private action, Preliminary: for citizen review and discussion, 1969</subfield>
  </datafield>
  <datafield tag="955" ind1=" " ind2=" ">
    <subfield code="b">BENT</subfield>
    <subfield code="p">39015071847359</subfield>
    <subfield code="z">Plan for parks and open space (General development plan, Part 2, chapter 2), 1965</subfield>
  </datafield>
  <datafield tag="955" ind1=" " ind2=" ">
    <subfield code="b">BENT</subfield>
    <subfield code="p">39015071847367</subfield>
    <subfield code="z">A guide to action: the Ann Arbor Central Area 1962</subfield>
  </datafield>
  <datafield tag="955" ind1=" " ind2=" ">
    <subfield code="b">BENT</subfield>
    <subfield code="p">39015071847375</subfield>
    <subfield code="z">Ann Arbor downtown data: establishment file, 1983</subfield>
  </datafield>
  <datafield tag="955" ind1=" " ind2=" ">
    <subfield code="b">BENT</subfield>
    <subfield code="p">39015071847383</subfield>
    <subfield code="z">Ann Arbor downtown data: block data, 1983</subfield>
  </datafield>
  <datafield tag="955" ind1=" " ind2=" ">
    <subfield code="b">BENT</subfield>
    <subfield code="p">39015071847391</subfield>
    <subfield code="z">The Ann Arbor corridor study: design guidelines for major roadways, Ann Arbor, Michigan (Summary report), 1983</subfield>
  </datafield>
  <datafield tag="955" ind1=" " ind2=" ">
    <subfield code="b">BENT</subfield>
    <subfield code="p">39015071847409</subfield>
    <subfield code="z">Ann Arbor's plan for parks, recreation and open space, 1988-1994 (Preliminary draft), 1987</subfield>
  </datafield>
  <datafield tag="955" ind1=" " ind2=" ">
    <subfield code="b">BENT</subfield>
    <subfield code="p">39015071847417</subfield>
    <subfield code="z">Ann Arbor downtown plan: final report summary, 1988</subfield>
  </datafield>
  <datafield tag="955" ind1=" " ind2=" ">
    <subfield code="b">BENT</subfield>
    <subfield code="p">39015071847425</subfield>
    <subfield code="z">Ann Arbor downtown plan: final draft summary, 1988</subfield>
  </datafield>
  <datafield tag="955" ind1=" " ind2=" ">
    <subfield code="b">BENT</subfield>
    <subfield code="p">39015071847433</subfield>
    <subfield code="z">Ann Arbor downtown plan: appendixes, 1988</subfield>
  </datafield>
  <datafield tag="955" ind1=" " ind2=" ">
    <subfield code="b">BENT</subfield>
    <subfield code="p">39015071847441</subfield>
    <subfield code="z">Ann Arbor downtown plan, 1988</subfield>
  </datafield>
  <datafield tag="955" ind1=" " ind2=" ">
    <subfield code="b">BENT</subfield>
    <subfield code="p">39015071847458</subfield>
    <subfield code="z">Northeast area plan for the city of Ann Arbor, 1989</subfield>
  </datafield>
  <datafield tag="955" ind1=" " ind2=" ">
    <subfield code="b">BENT</subfield>
    <subfield code="p">39015071847466</subfield>
    <subfield code="z">Ann Arbor transportation plan update, 1990</subfield>
  </datafield>
  <datafield tag="955" ind1=" " ind2=" ">
    <subfield code="b">BENT</subfield>
    <subfield code="p">39015071847474</subfield>
    <subfield code="z">Central area plan summary, 1992</subfield>
  </datafield>
  <datafield tag="955" ind1=" " ind2=" ">
    <subfield code="b">BENT</subfield>
    <subfield code="p">39015071847482</subfield>
    <subfield code="z">Central area plan, 1992</subfield>
  </datafield>
  <datafield tag="955" ind1=" " ind2=" ">
    <subfield code="b">BENT</subfield>
    <subfield code="p">39015071847490</subfield>
    <subfield code="z">Informational booklet, proposed north central urban renewal project, Ann Arbor, Michigan, Date unknown</subfield>
  </datafield>
  <datafield tag="955" ind1=" " ind2=" ">
    <subfield code="b">BENT</subfield>
    <subfield code="p">B1062068</subfield>
  </datafield>
  <controlfield tag="001">002746961</controlfield>
  <controlfield tag="005">20150522163140.0</controlfield>
  <controlfield tag="008">940609m196119uumiu^^^^^^^^^^l000^0^eng^d</controlfield>
  <datafield tag="035" ind1=" " ind2=" ">
    <subfield code="a">(RLIN)MIUV91-B463</subfield>
  </datafield>
  <datafield tag="035" ind1=" " ind2=" ">
    <subfield code="a">(OCoLC)702899210</subfield>
  </datafield>
  <datafield tag="040" ind1=" " ind2=" ">
    <subfield code="a">MiU-H</subfield>
    <subfield code="c">MiU-H</subfield>
  </datafield>
  <datafield tag="110" ind1="1" ind2=" ">
    <subfield code="a">Ann Arbor (Mich.).</subfield>
    <subfield code="b">Planning Commission.</subfield>
  </datafield>
  <datafield tag="245" ind1="1" ind2="0">
    <subfield code="a">[Ann Arbor Planning Commission publications].</subfield>
  </datafield>
  <datafield tag="260" ind1=" " ind2=" ">
    <subfield code="a">Ann Arbor, Mich. :</subfield>
    <subfield code="b">The Commission,</subfield>
    <subfield code="c">1961-19--</subfield>
  </datafield>
  <datafield tag="300" ind1=" " ind2=" ">
    <subfield code="a">5 linear ft.</subfield>
  </datafield>
  <datafield tag="555" ind1="0" ind2=" ">
    <subfield code="a">Finding aid in the library.</subfield>
  </datafield>
  <datafield tag="555" ind1="0" ind2=" ">
    <subfield code="a">Finding aid via World Wide Web at URL: http://quod.lib.umich.edu/cgi/f/findaid/findaid-idx?c=bhlead&amp;idno=umich-bhl-4150</subfield>
  </datafield>
  <datafield tag="500" ind1=" " ind2=" ">
    <subfield code="a">Also includes publications of the related office Ann Arbor City Planning Dept.</subfield>
  </datafield>
  <datafield tag="651" ind1=" " ind2="0">
    <subfield code="a">Ann Arbor (Mich.)</subfield>
    <subfield code="x">Economic conditions.</subfield>
  </datafield>
  <datafield tag="651" ind1=" " ind2="0">
    <subfield code="a">Ann Arbor (Mich.)</subfield>
    <subfield code="x">Population.</subfield>
  </datafield>
  <datafield tag="651" ind1=" " ind2="0">
    <subfield code="a">Ann Arbor (Mich.)</subfield>
    <subfield code="v">Statistics.</subfield>
  </datafield>
  <datafield tag="610" ind1="1" ind2="0">
    <subfield code="a">Ann Arbor (Mich.).</subfield>
    <subfield code="b">Planning Commission.</subfield>
  </datafield>
  <datafield tag="610" ind1="1" ind2="0">
    <subfield code="a">Ann Arbor (Mich.).</subfield>
    <subfield code="b">City Planning Department.</subfield>
  </datafield>
  <datafield tag="650" ind1=" " ind2="0">
    <subfield code="a">City planning</subfield>
    <subfield code="z">Michigan</subfield>
    <subfield code="z">Ann Arbor.</subfield>
  </datafield>
  <datafield tag="650" ind1=" " ind2="0">
    <subfield code="a">Housing</subfield>
    <subfield code="z">Michigan</subfield>
    <subfield code="z">Ann Arbor.</subfield>
  </datafield>
  <datafield tag="650" ind1=" " ind2="0">
    <subfield code="a">Parks</subfield>
    <subfield code="z">Michigan</subfield>
    <subfield code="z">Ann Arbor.</subfield>
  </datafield>
  <datafield tag="650" ind1=" " ind2="0">
    <subfield code="a">Recreation</subfield>
    <subfield code="z">Michigan</subfield>
    <subfield code="z">Ann Arbor.</subfield>
  </datafield>
  <datafield tag="710" ind1="1" ind2=" ">
    <subfield code="a">Ann Arbor (Mich.).</subfield>
    <subfield code="b">City Planning Department.</subfield>
  </datafield>
  <datafield tag="856" ind1="4" ind2="2">
    <subfield code="3">Finding aid:</subfield>
    <subfield code="u">http://quod.lib.umich.edu/cgi/f/findaid/findaid-idx?c=bhlead&amp;idno=umich-bhl-4150</subfield>
  </datafield>
  <datafield tag="852" ind1="8" ind2=" ">
    <subfield code="a">MiU-H</subfield>
    <subfield code="b">BENT</subfield>
    <subfield code="h">4150 Aa 2 Box 1</subfield>
  </datafield>
  <datafield tag="852" ind1="8" ind2=" ">
    <subfield code="a">MiU-H</subfield>
    <subfield code="b">BENT</subfield>
    <subfield code="h">4150 Aa 2 Box 4</subfield>
  </datafield>
  <datafield tag="852" ind1="8" ind2=" ">
    <subfield code="a">MiU-H</subfield>
    <subfield code="b">BENT</subfield>
    <subfield code="h">4150 Aa 2 Box 3</subfield>
  </datafield>
  <datafield tag="852" ind1="8" ind2=" ">
    <subfield code="a">MiU-H</subfield>
    <subfield code="b">BENT</subfield>
    <subfield code="h">4150 Aa 2 Box 2</subfield>
  </datafield>
  <datafield tag="852" ind1="8" ind2=" ">
    <subfield code="a">MiU-H</subfield>
    <subfield code="b">BENT</subfield>
    <subfield code="h">4150 Aa 2 Box 5</subfield>
  </datafield>
  <datafield tag="997" ind1=" " ind2=" ">
    <subfield code="a">MARS</subfield>
  </datafield>
  <datafield tag="998" ind1=" " ind2=" ">
    <subfield code="c">LAC</subfield>
    <subfield code="s">9114</subfield>
  </datafield>
  <datafield tag="955" ind1=" " ind2=" ">
    <subfield code="b">BENT</subfield>
    <subfield code="p">39015071662709</subfield>
    <subfield code="z">Capital improvements budget and program, 1997/2003</subfield>
  </datafield>
  <datafield tag="955" ind1=" " ind2=" ">
    <subfield code="b">BENT</subfield>
    <subfield code="p">39015071846245</subfield>
    <subfield code="z">Annual report, 1965/1966</subfield>
  </datafield>
  <datafield tag="955" ind1=" " ind2=" ">
    <subfield code="b">BENT</subfield>
    <subfield code="p">39015071846252</subfield>
    <subfield code="z">Annual report, 1977</subfield>
  </datafield>
  <datafield tag="955" ind1=" " ind2=" ">
    <subfield code="b">BENT</subfield>
    <subfield code="p">39015071846260</subfield>
    <subfield code="z">Annual report, 1976</subfield>
  </datafield>
  <datafield tag="955" ind1=" " ind2=" ">
    <subfield code="b">BENT</subfield>
    <subfield code="p">39015071846278</subfield>
    <subfield code="z">Annual report, 1975</subfield>
  </datafield>
  <datafield tag="955" ind1=" " ind2=" ">
    <subfield code="b">BENT</subfield>
    <subfield code="p">39015071846286</subfield>
    <subfield code="z">Capital improvements budget and program, 1960/1965</subfield>
  </datafield>
  <datafield tag="955" ind1=" " ind2=" ">
    <subfield code="b">BENT</subfield>
    <subfield code="p">39015071846294</subfield>
    <subfield code="z">Capital improvements budget and program, 1961/1966</subfield>
  </datafield>
  <datafield tag="955" ind1=" " ind2=" ">
    <subfield code="b">BENT</subfield>
    <subfield code="p">39015071846302</subfield>
    <subfield code="z">Capital improvements budget and program, 1964/1970</subfield>
  </datafield>
  <datafield tag="955" ind1=" " ind2=" ">
    <subfield code="b">BENT</subfield>
    <subfield code="p">39015071846310</subfield>
    <subfield code="z">Capital improvements budget and program, 1965/1971 (General development plan)</subfield>
  </datafield>
  <datafield tag="955" ind1=" " ind2=" ">
    <subfield code="b">BENT</subfield>
    <subfield code="p">39015071846328</subfield>
    <subfield code="z">Capital improvements budget and program, 1966/1972</subfield>
  </datafield>
  <datafield tag="955" ind1=" " ind2=" ">
    <subfield code="b">BENT</subfield>
    <subfield code="p">39015071846336</subfield>
    <subfield code="z">Capital improvements budget and program, 1967/1973</subfield>
  </datafield>
  <datafield tag="955" ind1=" " ind2=" ">
    <subfield code="b">BENT</subfield>
    <subfield code="p">39015071846344</subfield>
    <subfield code="z">Capital improvements budget and program, 1968/1974</subfield>
  </datafield>
  <datafield tag="955" ind1=" " ind2=" ">
    <subfield code="b">BENT</subfield>
    <subfield code="p">39015071846351</subfield>
    <subfield code="z">Capital improvements budget and program, 1969/1975</subfield>
  </datafield>
  <datafield tag="955" ind1=" " ind2=" ">
    <subfield code="b">BENT</subfield>
    <subfield code="p">39015071846369</subfield>
    <subfield code="z">Capital improvements budget and program, 1970/1976</subfield>
  </datafield>
  <datafield tag="955" ind1=" " ind2=" ">
    <subfield code="b">BENT</subfield>
    <subfield code="p">39015071846377</subfield>
    <subfield code="z">Capital improvements budget and program, 1971/1977 (draft)</subfield>
  </datafield>
  <datafield tag="955" ind1=" " ind2=" ">
    <subfield code="b">BENT</subfield>
    <subfield code="p">39015071846385</subfield>
    <subfield code="z">Capital improvements budget and program, 1972/1977</subfield>
  </datafield>
  <datafield tag="955" ind1=" " ind2=" ">
    <subfield code="b">BENT</subfield>
    <subfield code="p">39015071846393</subfield>
    <subfield code="z">Capital improvements budget and program, 1975/1980 (draft, October, 1974)</subfield>
  </datafield>
  <datafield tag="955" ind1=" " ind2=" ">
    <subfield code="b">BENT</subfield>
    <subfield code="p">39015071846401</subfield>
    <subfield code="z">Capital improvements budget and program, 1975/1980 (draft, November, 1974)</subfield>
  </datafield>
  <datafield tag="955" ind1=" " ind2=" ">
    <subfield code="b">BENT</subfield>
    <subfield code="p">39015071846419</subfield>
    <subfield code="z">Capital improvements budget and program, 1976/1981 (draft, October, 1975)</subfield>
  </datafield>
  <datafield tag="955" ind1=" " ind2=" ">
    <subfield code="b">BENT</subfield>
    <subfield code="p">39015071846427</subfield>
    <subfield code="z">Capital improvements budget and program, 1976/1981</subfield>
  </datafield>
  <datafield tag="955" ind1=" " ind2=" ">
    <subfield code="b">BENT</subfield>
    <subfield code="p">39015071846435</subfield>
    <subfield code="z">Capital improvements budget and program, 1977/1982 (draft, November, 1976)</subfield>
  </datafield>
  <datafield tag="955" ind1=" " ind2=" ">
    <subfield code="b">BENT</subfield>
    <subfield code="p">39015071846443</subfield>
    <subfield code="z">Capital improvements budget and program, 1977/1982 (draft, October, 1976)</subfield>
  </datafield>
  <datafield tag="955" ind1=" " ind2=" ">
    <subfield code="b">BENT</subfield>
    <subfield code="p">39015071846450</subfield>
    <subfield code="z">Capital improvements budget and program, 1977/1982</subfield>
  </datafield>
  <datafield tag="955" ind1=" " ind2=" ">
    <subfield code="b">BENT</subfield>
    <subfield code="p">39015071846468</subfield>
    <subfield code="z">Capital improvements budget and program, 1978/1983 (draft, October, 1977)</subfield>
  </datafield>
  <datafield tag="955" ind1=" " ind2=" ">
    <subfield code="b">BENT</subfield>
    <subfield code="p">39015071846476</subfield>
    <subfield code="z">Capital improvements budget and program, 1978/1983 (draft, December, 1977)</subfield>
  </datafield>
  <datafield tag="955" ind1=" " ind2=" ">
    <subfield code="b">BENT</subfield>
    <subfield code="p">39015071846484</subfield>
    <subfield code="z">Capital improvements budget and program, 1978/1983</subfield>
  </datafield>
  <datafield tag="955" ind1=" " ind2=" ">
    <subfield code="b">BENT</subfield>
    <subfield code="p">39015071846492</subfield>
    <subfield code="z">Capital improvements budget and program, 1980/1985</subfield>
  </datafield>
  <datafield tag="955" ind1=" " ind2=" ">
    <subfield code="b">BENT</subfield>
    <subfield code="p">39015071846500</subfield>
    <subfield code="z">Capital improvements budget and program, 1983/1988</subfield>
  </datafield>
  <datafield tag="955" ind1=" " ind2=" ">
    <subfield code="b">BENT</subfield>
    <subfield code="p">39015071846518</subfield>
    <subfield code="z">Capital improvements budget and program, 1986/1991</subfield>
  </datafield>
  <datafield tag="955" ind1=" " ind2=" ">
    <subfield code="b">BENT</subfield>
    <subfield code="p">39015071846526</subfield>
    <subfield code="z">Capital improvements budget and program, 1987/1992</subfield>
  </datafield>
  <datafield tag="955" ind1=" " ind2=" ">
    <subfield code="b">BENT</subfield>
    <subfield code="p">39015071846534</subfield>
    <subfield code="z">Capital improvements budget and program, 1990/1996</subfield>
  </datafield>
  <datafield tag="955" ind1=" " ind2=" ">
    <subfield code="b">BENT</subfield>
    <subfield code="p">39015071846542</subfield>
    <subfield code="z">Capital improvements budget and program, 1991/1997</subfield>
  </datafield>
  <datafield tag="955" ind1=" " ind2=" ">
    <subfield code="b">BENT</subfield>
    <subfield code="p">39015071846559</subfield>
    <subfield code="z">Minutes, 1957-1958</subfield>
  </datafield>
  <datafield tag="955" ind1=" " ind2=" ">
    <subfield code="b">BENT</subfield>
    <subfield code="p">39015071846567</subfield>
    <subfield code="z">Planning information brochure, 1956</subfield>
  </datafield>
  <datafield tag="955" ind1=" " ind2=" ">
    <subfield code="b">BENT</subfield>
    <subfield code="p">39015071846575</subfield>
    <subfield code="z">Chapter 55 ? Zoning (proposed zoning chapter), 1960</subfield>
  </datafield>
  <datafield tag="955" ind1=" " ind2=" ">
    <subfield code="b">BENT</subfield>
    <subfield code="p">39015071846583</subfield>
    <subfield code="z">Population and housing: a report on population and housing based on the 1960 federal decennial census. 1961</subfield>
  </datafield>
  <datafield tag="955" ind1=" " ind2=" ">
    <subfield code="b">BENT</subfield>
    <subfield code="p">39015071846591</subfield>
    <subfield code="z">Annual report, 1964/1965</subfield>
  </datafield>
  <datafield tag="955" ind1=" " ind2=" ">
    <subfield code="b">BENT</subfield>
    <subfield code="p">39015071846609</subfield>
    <subfield code="z">Annual report, 1962/1963</subfield>
  </datafield>
  <datafield tag="955" ind1=" " ind2=" ">
    <subfield code="b">BENT</subfield>
    <subfield code="p">39015071846617</subfield>
    <subfield code="z">Capital improvements budget and program, 1975/1980</subfield>
  </datafield>
  <datafield tag="955" ind1=" " ind2=" ">
    <subfield code="b">BENT</subfield>
    <subfield code="p">39015071846625</subfield>
    <subfield code="z">West Jackson, Liberty-Stadium-Virginia Park area study (General development plan), 1963</subfield>
  </datafield>
  <datafield tag="955" ind1=" " ind2=" ">
    <subfield code="b">BENT</subfield>
    <subfield code="p">39015071846633</subfield>
    <subfield code="z">Northeast area study (General development plan), 1963</subfield>
  </datafield>
  <datafield tag="955" ind1=" " ind2=" ">
    <subfield code="b">BENT</subfield>
    <subfield code="p">39015071846641</subfield>
    <subfield code="z">Ann Arbor Metropolitan Area traffic study: tabulations and trip tables, 1963</subfield>
  </datafield>
  <datafield tag="955" ind1=" " ind2=" ">
    <subfield code="b">BENT</subfield>
    <subfield code="p">39015071846658</subfield>
    <subfield code="z">Report of commercial zoning and development in Ann Arbor, 1962</subfield>
  </datafield>
  <datafield tag="955" ind1=" " ind2=" ">
    <subfield code="b">BENT</subfield>
    <subfield code="p">39015071846666</subfield>
    <subfield code="z">Land development regulations (General development plan, Part 3, chapter 2, section 1-3), 1962</subfield>
  </datafield>
  <datafield tag="955" ind1=" " ind2=" ">
    <subfield code="b">BENT</subfield>
    <subfield code="p">39015071846674</subfield>
    <subfield code="z">Planning Commission function and responsibility, 1964</subfield>
  </datafield>
  <datafield tag="955" ind1=" " ind2=" ">
    <subfield code="b">BENT</subfield>
    <subfield code="p">39015071846682</subfield>
    <subfield code="z">R4 multiple family density study, 1965</subfield>
  </datafield>
  <datafield tag="955" ind1=" " ind2=" ">
    <subfield code="b">BENT</subfield>
    <subfield code="p">39015071846690</subfield>
    <subfield code="z">Master plan profile: City of Ann Arbor Michigan general development plan, a descriptive summary, 1965</subfield>
  </datafield>
  <datafield tag="955" ind1=" " ind2=" ">
    <subfield code="b">BENT</subfield>
    <subfield code="p">39015071846708</subfield>
    <subfield code="z">Land development regulations, amended (General development plan, Part III, Chater 2, Section 1-3), 1965</subfield>
  </datafield>
  <datafield tag="955" ind1=" " ind2=" ">
    <subfield code="b">BENT</subfield>
    <subfield code="p">39015071846716</subfield>
    <subfield code="z">Economic base report (General development plan), 1965</subfield>
  </datafield>
  <datafield tag="955" ind1=" " ind2=" ">
    <subfield code="b">BENT</subfield>
    <subfield code="p">39015071846724</subfield>
    <subfield code="z">R4 multiple family density study: revised copy, 1967</subfield>
  </datafield>
  <datafield tag="955" ind1=" " ind2=" ">
    <subfield code="b">BENT</subfield>
    <subfield code="p">39015071846732</subfield>
    <subfield code="z">Industrial survey: factors affecting location-relocation patterns of manufacturing-research firms in the Ann Arbor area: a working paper (General development plan), 1967</subfield>
  </datafield>
  <datafield tag="955" ind1=" " ind2=" ">
    <subfield code="b">BENT</subfield>
    <subfield code="p">39015071846740</subfield>
    <subfield code="z">Economic base: a working paper (General development plan), 1967</subfield>
  </datafield>
  <datafield tag="955" ind1=" " ind2=" ">
    <subfield code="b">BENT</subfield>
    <subfield code="p">39015071846757</subfield>
    <subfield code="z">Plymouth Road density potential study, 1966</subfield>
  </datafield>
  <datafield tag="955" ind1=" " ind2=" ">
    <subfield code="b">BENT</subfield>
    <subfield code="p">39015071846765</subfield>
    <subfield code="z">Planned unit development study (Preliminary), 1966</subfield>
  </datafield>
  <datafield tag="955" ind1=" " ind2=" ">
    <subfield code="b">BENT</subfield>
    <subfield code="p">39015071846773</subfield>
    <subfield code="z">Urban design for Ann Arbor (no date), 1968</subfield>
  </datafield>
  <datafield tag="955" ind1=" " ind2=" ">
    <subfield code="b">BENT</subfield>
    <subfield code="p">39015071846781</subfield>
    <subfield code="z">Urban design for Ann Arbor (a general development plan working paper, February 1968), 1968</subfield>
  </datafield>
  <datafield tag="955" ind1=" " ind2=" ">
    <subfield code="b">BENT</subfield>
    <subfield code="p">39015071846799</subfield>
    <subfield code="z">State St. mall evaluation (Preliminary), 1968</subfield>
  </datafield>
  <datafield tag="955" ind1=" " ind2=" ">
    <subfield code="b">BENT</subfield>
    <subfield code="p">39015071846807</subfield>
    <subfield code="z">Land development regulations supplement (General development plan, March 1970), 1970</subfield>
  </datafield>
  <datafield tag="955" ind1=" " ind2=" ">
    <subfield code="b">BENT</subfield>
    <subfield code="p">39015071846815</subfield>
    <subfield code="z">Design review, 1970</subfield>
  </datafield>
  <datafield tag="955" ind1=" " ind2=" ">
    <subfield code="b">BENT</subfield>
    <subfield code="p">39015071846823</subfield>
    <subfield code="z">Zoning chapter amendments: townhouse and multi-family zones, 1971</subfield>
  </datafield>
  <datafield tag="955" ind1=" " ind2=" ">
    <subfield code="b">BENT</subfield>
    <subfield code="p">39015071846831</subfield>
    <subfield code="z">R2B district study, 1971</subfield>
  </datafield>
  <datafield tag="955" ind1=" " ind2=" ">
    <subfield code="b">BENT</subfield>
    <subfield code="p">39015071846849</subfield>
    <subfield code="z">Guide for change, 1971</subfield>
  </datafield>
  <datafield tag="955" ind1=" " ind2=" ">
    <subfield code="b">BENT</subfield>
    <subfield code="p">39015071846856</subfield>
    <subfield code="z">Guide for change (summary), 1971</subfield>
  </datafield>
  <datafield tag="955" ind1=" " ind2=" ">
    <subfield code="b">BENT</subfield>
    <subfield code="p">39015071846864</subfield>
    <subfield code="z">Briarwood Shopping Center: a comprehensive report, 1971</subfield>
  </datafield>
  <datafield tag="955" ind1=" " ind2=" ">
    <subfield code="b">BENT</subfield>
    <subfield code="p">39015071846872</subfield>
    <subfield code="z">Land development manual (Part II and III, first draft), 1972</subfield>
  </datafield>
  <datafield tag="955" ind1=" " ind2=" ">
    <subfield code="b">BENT</subfield>
    <subfield code="p">39015071846880</subfield>
    <subfield code="z">General characteristics of population and housing, March 1972</subfield>
  </datafield>
  <datafield tag="955" ind1=" " ind2=" ">
    <subfield code="b">BENT</subfield>
    <subfield code="p">39015071846898</subfield>
    <subfield code="z">General characteristics of population and housing, December 1972</subfield>
  </datafield>
  <datafield tag="955" ind1=" " ind2=" ">
    <subfield code="b">BENT</subfield>
    <subfield code="p">39015071846906</subfield>
    <subfield code="z">Pittsfield Valley south area plan, 1973</subfield>
  </datafield>
  <datafield tag="955" ind1=" " ind2=" ">
    <subfield code="b">BENT</subfield>
    <subfield code="p">39015071846914</subfield>
    <subfield code="z">Land development manual (Part I and IV, first drafts, Part II, Chapters 1-5, revised), 1973</subfield>
  </datafield>
  <datafield tag="955" ind1=" " ind2=" ">
    <subfield code="b">BENT</subfield>
    <subfield code="p">39015071846922</subfield>
    <subfield code="z">General development plan for the city of Ann Arbor, July 1973</subfield>
  </datafield>
  <datafield tag="955" ind1=" " ind2=" ">
    <subfield code="b">BENT</subfield>
    <subfield code="p">39015071846930</subfield>
    <subfield code="z">General development plan for the city of Ann Arbor, June 1973</subfield>
  </datafield>
  <datafield tag="955" ind1=" " ind2=" ">
    <subfield code="b">BENT</subfield>
    <subfield code="p">39015071846948</subfield>
    <subfield code="z">Central area policy plan for the city of Ann Arbor, June 1973, as amended July 24, 1973</subfield>
  </datafield>
  <datafield tag="955" ind1=" " ind2=" ">
    <subfield code="b">BENT</subfield>
    <subfield code="p">39015071846955</subfield>
    <subfield code="z">Central area policy plan for the city of Ann Arbor, June 1973</subfield>
  </datafield>
  <datafield tag="955" ind1=" " ind2=" ">
    <subfield code="b">BENT</subfield>
    <subfield code="p">39015071846963</subfield>
    <subfield code="z">Central area inventory report for the city of Ann Arbor, 1974</subfield>
  </datafield>
  <datafield tag="955" ind1=" " ind2=" ">
    <subfield code="b">BENT</subfield>
    <subfield code="p">39015071846971</subfield>
    <subfield code="z">Ann Arbor City Planning Commission: Organization, duties, policies, procedures, by-laws, 1974</subfield>
  </datafield>
  <datafield tag="955" ind1=" " ind2=" ">
    <subfield code="b">BENT</subfield>
    <subfield code="p">39015071846989</subfield>
    <subfield code="z">Zoning chapter revision working papers, 1975</subfield>
  </datafield>
  <datafield tag="955" ind1=" " ind2=" ">
    <subfield code="b">BENT</subfield>
    <subfield code="p">39015071846997</subfield>
    <subfield code="z">Downtown concept plan (Draft 2, summary), 1975</subfield>
  </datafield>
  <datafield tag="955" ind1=" " ind2=" ">
    <subfield code="b">BENT</subfield>
    <subfield code="p">39015071847003</subfield>
    <subfield code="z">Downtown Ann Arbor: a development and conservation strategy, 1975</subfield>
  </datafield>
  <datafield tag="955" ind1=" " ind2=" ">
    <subfield code="b">BENT</subfield>
    <subfield code="p">39015071847011</subfield>
    <subfield code="z">Downtown Ann Arbor: a development and conservation strategy (Central area plan, Part 1) (Draft), 1975</subfield>
  </datafield>
  <datafield tag="955" ind1=" " ind2=" ">
    <subfield code="b">BENT</subfield>
    <subfield code="p">39015071847029</subfield>
    <subfield code="z">Ann Arbor Municipal Airport, Master Plan Phase I, 1975</subfield>
  </datafield>
  <datafield tag="955" ind1=" " ind2=" ">
    <subfield code="b">BENT</subfield>
    <subfield code="p">39015071847037</subfield>
    <subfield code="z">Land use (Central neighborhood plan working paper, 1), 1976</subfield>
  </datafield>
  <datafield tag="955" ind1=" " ind2=" ">
    <subfield code="b">BENT</subfield>
    <subfield code="p">39015071847045</subfield>
    <subfield code="z">Downtown zoning (Working paper, 6), 1976</subfield>
  </datafield>
  <datafield tag="955" ind1=" " ind2=" ">
    <subfield code="b">BENT</subfield>
    <subfield code="p">39015071847060</subfield>
    <subfield code="z">Compendium of south area plans and policies: core planning districts, 1976</subfield>
  </datafield>
  <datafield tag="955" ind1=" " ind2=" ">
    <subfield code="b">BENT</subfield>
    <subfield code="p">39015071847078</subfield>
    <subfield code="z">Commercial zoning (Working paper, 4), 1976</subfield>
  </datafield>
  <datafield tag="955" ind1=" " ind2=" ">
    <subfield code="b">BENT</subfield>
    <subfield code="p">39015071847086</subfield>
    <subfield code="z">Circulation plan elements (Circulation plan, Section 3) (Draft 1 of parts 5 and 6: pedestrian ways and rails), 1976</subfield>
  </datafield>
  <datafield tag="955" ind1=" " ind2=" ">
    <subfield code="b">BENT</subfield>
    <subfield code="p">39015071847094</subfield>
    <subfield code="z">Circulation plan elements (Circulation plan, Section 3) (Draft 1 of part 4: bicycle pathways), 1976</subfield>
  </datafield>
  <datafield tag="955" ind1=" " ind2=" ">
    <subfield code="b">BENT</subfield>
    <subfield code="p">39015071847102</subfield>
    <subfield code="z">Circulation plan elements (Circulation plan, Section 3) (Draft 1 of part 3: parking), 1976</subfield>
  </datafield>
  <datafield tag="955" ind1=" " ind2=" ">
    <subfield code="b">BENT</subfield>
    <subfield code="p">39015071847110</subfield>
    <subfield code="z">Circulation plan elements (Circulation plan, Section 3) (Draft 1 of part 2: transit), 1976</subfield>
  </datafield>
  <datafield tag="955" ind1=" " ind2=" ">
    <subfield code="b">BENT</subfield>
    <subfield code="p">39015071847128</subfield>
    <subfield code="z">Circulation plan elements (Circulation plan, Section 3) (Draft 1 of part 1: roads), 1976</subfield>
  </datafield>
  <datafield tag="955" ind1=" " ind2=" ">
    <subfield code="b">BENT</subfield>
    <subfield code="p">39015071847136</subfield>
    <subfield code="z">Neighborhood livability and streets (Central neighborhood plan working paper, 3), 1977</subfield>
  </datafield>
  <datafield tag="955" ind1=" " ind2=" ">
    <subfield code="b">BENT</subfield>
    <subfield code="p">39015071847144</subfield>
    <subfield code="z">Housing (Central neighborhood plan working paper, 2), 1977</subfield>
  </datafield>
  <datafield tag="955" ind1=" " ind2=" ">
    <subfield code="b">BENT</subfield>
    <subfield code="p">39015071847151</subfield>
    <subfield code="z">Downtown Ann Arbor: a conservation and development strategy, 1977</subfield>
  </datafield>
  <datafield tag="955" ind1=" " ind2=" ">
    <subfield code="b">BENT</subfield>
    <subfield code="p">39015071847169</subfield>
    <subfield code="z">The downtown and close-in neighborhoods: that uneasy feeling (Central neighborhood plan working paper, 4), 1977</subfield>
  </datafield>
  <datafield tag="955" ind1=" " ind2=" ">
    <subfield code="b">BENT</subfield>
    <subfield code="p">39015071847177</subfield>
    <subfield code="z">Circulation problem solving process (5th draft), 1977</subfield>
  </datafield>
  <datafield tag="955" ind1=" " ind2=" ">
    <subfield code="b">BENT</subfield>
    <subfield code="p">39015071847185</subfield>
    <subfield code="z">Plan for solving circulation problems, 1977</subfield>
  </datafield>
  <datafield tag="955" ind1=" " ind2=" ">
    <subfield code="b">BENT</subfield>
    <subfield code="p">39015071847193</subfield>
    <subfield code="z">Proposed 1990 circulation plan (4th draft), map errata sheet and appendices, 1977</subfield>
  </datafield>
  <datafield tag="955" ind1=" " ind2=" ">
    <subfield code="b">BENT</subfield>
    <subfield code="p">39015071847201</subfield>
    <subfield code="z">Proposed 1990 circulation plan (4th draft), 1977</subfield>
  </datafield>
  <datafield tag="955" ind1=" " ind2=" ">
    <subfield code="b">BENT</subfield>
    <subfield code="p">39015071847219</subfield>
    <subfield code="z">Vacant land inventory, 1978</subfield>
  </datafield>
  <datafield tag="955" ind1=" " ind2=" ">
    <subfield code="b">BENT</subfield>
    <subfield code="p">39015071847227</subfield>
    <subfield code="z">Proposed parks and open space plan, 1978</subfield>
  </datafield>
  <datafield tag="955" ind1=" " ind2=" ">
    <subfield code="b">BENT</subfield>
    <subfield code="p">39015071847235</subfield>
    <subfield code="z">Analysis of planning options and recommendations: a study of transitional and vacant land areas in Ann Arbor, 1980</subfield>
  </datafield>
  <datafield tag="955" ind1=" " ind2=" ">
    <subfield code="b">BENT</subfield>
    <subfield code="p">39015071847243</subfield>
    <subfield code="z">Planning options for Ann Arbor: a preliminary paper on land use options for transitional and vacant land areas, 1980</subfield>
  </datafield>
  <datafield tag="955" ind1=" " ind2=" ">
    <subfield code="b">BENT</subfield>
    <subfield code="p">39015071847250</subfield>
    <subfield code="z">Ann Arbor's housing supply and household characteristics, 1980</subfield>
  </datafield>
  <datafield tag="955" ind1=" " ind2=" ">
    <subfield code="b">BENT</subfield>
    <subfield code="p">39015071847268</subfield>
    <subfield code="z">Ann Arbor household survey, supplemental tables (Preliminary), 1980</subfield>
  </datafield>
  <datafield tag="955" ind1=" " ind2=" ">
    <subfield code="b">BENT</subfield>
    <subfield code="p">39015071847276</subfield>
    <subfield code="z">Ann Arbor community natural features inventory, 1981</subfield>
  </datafield>
  <datafield tag="955" ind1=" " ind2=" ">
    <subfield code="b">BENT</subfield>
    <subfield code="p">39015071847284</subfield>
    <subfield code="z">Plan for transitional and vacant land areas, 1981</subfield>
  </datafield>
  <datafield tag="955" ind1=" " ind2=" ">
    <subfield code="b">BENT</subfield>
    <subfield code="p">39015071847292</subfield>
    <subfield code="z">Ann Arbor's park, recreation and open space plan, Preliminary draft, June 1981</subfield>
  </datafield>
  <datafield tag="955" ind1=" " ind2=" ">
    <subfield code="b">BENT</subfield>
    <subfield code="p">39015071847300</subfield>
    <subfield code="z">Zoning chapter revisions (Draft), 1981</subfield>
  </datafield>
  <datafield tag="955" ind1=" " ind2=" ">
    <subfield code="b">BENT</subfield>
    <subfield code="p">39015071847318</subfield>
    <subfield code="z">Ann Arbor's park, recreation and open space plan, Final draft, June 1981</subfield>
  </datafield>
  <datafield tag="955" ind1=" " ind2=" ">
    <subfield code="b">BENT</subfield>
    <subfield code="p">39015071847326</subfield>
    <subfield code="z">A guide for change: policies for public and private action, Second draft, 1969</subfield>
  </datafield>
  <datafield tag="955" ind1=" " ind2=" ">
    <subfield code="b">BENT</subfield>
    <subfield code="p">39015071847334</subfield>
    <subfield code="z">The Ann Arbor growth study, 1972</subfield>
  </datafield>
  <datafield tag="955" ind1=" " ind2=" ">
    <subfield code="b">BENT</subfield>
    <subfield code="p">39015071847342</subfield>
    <subfield code="z">A guide for change: policies for public and private action, Preliminary: for citizen review and discussion, 1969</subfield>
  </datafield>
  <datafield tag="955" ind1=" " ind2=" ">
    <subfield code="b">BENT</subfield>
    <subfield code="p">39015071847359</subfield>
    <subfield code="z">Plan for parks and open space (General development plan, Part 2, chapter 2), 1965</subfield>
  </datafield>
  <datafield tag="955" ind1=" " ind2=" ">
    <subfield code="b">BENT</subfield>
    <subfield code="p">39015071847367</subfield>
    <subfield code="z">A guide to action: the Ann Arbor Central Area 1962</subfield>
  </datafield>
  <datafield tag="955" ind1=" " ind2=" ">
    <subfield code="b">BENT</subfield>
    <subfield code="p">39015071847375</subfield>
    <subfield code="z">Ann Arbor downtown data: establishment file, 1983</subfield>
  </datafield>
  <datafield tag="955" ind1=" " ind2=" ">
    <subfield code="b">BENT</subfield>
    <subfield code="p">39015071847383</subfield>
    <subfield code="z">Ann Arbor downtown data: block data, 1983</subfield>
  </datafield>
  <datafield tag="955" ind1=" " ind2=" ">
    <subfield code="b">BENT</subfield>
    <subfield code="p">39015071847391</subfield>
    <subfield code="z">The Ann Arbor corridor study: design guidelines for major roadways, Ann Arbor, Michigan (Summary report), 1983</subfield>
  </datafield>
  <datafield tag="955" ind1=" " ind2=" ">
    <subfield code="b">BENT</subfield>
    <subfield code="p">39015071847409</subfield>
    <subfield code="z">Ann Arbor's plan for parks, recreation and open space, 1988-1994 (Preliminary draft), 1987</subfield>
  </datafield>
  <datafield tag="955" ind1=" " ind2=" ">
    <subfield code="b">BENT</subfield>
    <subfield code="p">39015071847417</subfield>
    <subfield code="z">Ann Arbor downtown plan: final report summary, 1988</subfield>
  </datafield>
  <datafield tag="955" ind1=" " ind2=" ">
    <subfield code="b">BENT</subfield>
    <subfield code="p">39015071847425</subfield>
    <subfield code="z">Ann Arbor downtown plan: final draft summary, 1988</subfield>
  </datafield>
  <datafield tag="955" ind1=" " ind2=" ">
    <subfield code="b">BENT</subfield>
    <subfield code="p">39015071847433</subfield>
    <subfield code="z">Ann Arbor downtown plan: appendixes, 1988</subfield>
  </datafield>
  <datafield tag="955" ind1=" " ind2=" ">
    <subfield code="b">BENT</subfield>
    <subfield code="p">39015071847441</subfield>
    <subfield code="z">Ann Arbor downtown plan, 1988</subfield>
  </datafield>
  <datafield tag="955" ind1=" " ind2=" ">
    <subfield code="b">BENT</subfield>
    <subfield code="p">39015071847458</subfield>
    <subfield code="z">Northeast area plan for the city of Ann Arbor, 1989</subfield>
  </datafield>
  <datafield tag="955" ind1=" " ind2=" ">
    <subfield code="b">BENT</subfield>
    <subfield code="p">39015071847466</subfield>
    <subfield code="z">Ann Arbor transportation plan update, 1990</subfield>
  </datafield>
  <datafield tag="955" ind1=" " ind2=" ">
    <subfield code="b">BENT</subfield>
    <subfield code="p">39015071847474</subfield>
    <subfield code="z">Central area plan summary, 1992</subfield>
  </datafield>
  <datafield tag="955" ind1=" " ind2=" ">
    <subfield code="b">BENT</subfield>
    <subfield code="p">39015071847482</subfield>
    <subfield code="z">Central area plan, 1992</subfield>
  </datafield>
  <datafield tag="955" ind1=" " ind2=" ">
    <subfield code="b">BENT</subfield>
    <subfield code="p">39015071847490</subfield>
    <subfield code="z">Informational booklet, proposed north central urban renewal project, Ann Arbor, Michigan, Date unknown</subfield>
  </datafield>
  <datafield tag="955" ind1=" " ind2=" ">
    <subfield code="b">BENT</subfield>
    <subfield code="p">B1062068</subfield>
  </datafield>
  <controlfield tag="001">002746961</controlfield>
  <controlfield tag="005">20150522163140.0</controlfield>
  <controlfield tag="008">940609m196119uumiu^^^^^^^^^^l000^0^eng^d</controlfield>
  <datafield tag="035" ind1=" " ind2=" ">
    <subfield code="a">(RLIN)MIUV91-B463</subfield>
  </datafield>
  <datafield tag="035" ind1=" " ind2=" ">
    <subfield code="a">(OCoLC)702899210</subfield>
  </datafield>
  <datafield tag="040" ind1=" " ind2=" ">
    <subfield code="a">MiU-H</subfield>
    <subfield code="c">MiU-H</subfield>
  </datafield>
  <datafield tag="110" ind1="1" ind2=" ">
    <subfield code="a">Ann Arbor (Mich.).</subfield>
    <subfield code="b">Planning Commission.</subfield>
  </datafield>
  <datafield tag="245" ind1="1" ind2="0">
    <subfield code="a">[Ann Arbor Planning Commission publications].</subfield>
  </datafield>
  <datafield tag="260" ind1=" " ind2=" ">
    <subfield code="a">Ann Arbor, Mich. :</subfield>
    <subfield code="b">The Commission,</subfield>
    <subfield code="c">1961-19--</subfield>
  </datafield>
  <datafield tag="300" ind1=" " ind2=" ">
    <subfield code="a">5 linear ft.</subfield>
  </datafield>
  <datafield tag="555" ind1="0" ind2=" ">
    <subfield code="a">Finding aid in the library.</subfield>
  </datafield>
  <datafield tag="555" ind1="0" ind2=" ">
    <subfield code="a">Finding aid via World Wide Web at URL: http://quod.lib.umich.edu/cgi/f/findaid/findaid-idx?c=bhlead&amp;idno=umich-bhl-4150</subfield>
  </datafield>
  <datafield tag="500" ind1=" " ind2=" ">
    <subfield code="a">Also includes publications of the related office Ann Arbor City Planning Dept.</subfield>
  </datafield>
  <datafield tag="651" ind1=" " ind2="0">
    <subfield code="a">Ann Arbor (Mich.)</subfield>
    <subfield code="x">Economic conditions.</subfield>
  </datafield>
  <datafield tag="651" ind1=" " ind2="0">
    <subfield code="a">Ann Arbor (Mich.)</subfield>
    <subfield code="x">Population.</subfield>
  </datafield>
  <datafield tag="651" ind1=" " ind2="0">
    <subfield code="a">Ann Arbor (Mich.)</subfield>
    <subfield code="v">Statistics.</subfield>
  </datafield>
  <datafield tag="610" ind1="1" ind2="0">
    <subfield code="a">Ann Arbor (Mich.).</subfield>
    <subfield code="b">Planning Commission.</subfield>
  </datafield>
  <datafield tag="610" ind1="1" ind2="0">
    <subfield code="a">Ann Arbor (Mich.).</subfield>
    <subfield code="b">City Planning Department.</subfield>
  </datafield>
  <datafield tag="650" ind1=" " ind2="0">
    <subfield code="a">City planning</subfield>
    <subfield code="z">Michigan</subfield>
    <subfield code="z">Ann Arbor.</subfield>
  </datafield>
  <datafield tag="650" ind1=" " ind2="0">
    <subfield code="a">Housing</subfield>
    <subfield code="z">Michigan</subfield>
    <subfield code="z">Ann Arbor.</subfield>
  </datafield>
  <datafield tag="650" ind1=" " ind2="0">
    <subfield code="a">Parks</subfield>
    <subfield code="z">Michigan</subfield>
    <subfield code="z">Ann Arbor.</subfield>
  </datafield>
  <datafield tag="650" ind1=" " ind2="0">
    <subfield code="a">Recreation</subfield>
    <subfield code="z">Michigan</subfield>
    <subfield code="z">Ann Arbor.</subfield>
  </datafield>
  <datafield tag="710" ind1="1" ind2=" ">
    <subfield code="a">Ann Arbor (Mich.).</subfield>
    <subfield code="b">City Planning Department.</subfield>
  </datafield>
  <datafield tag="856" ind1="4" ind2="2">
    <subfield code="3">Finding aid:</subfield>
    <subfield code="u">http://quod.lib.umich.edu/cgi/f/findaid/findaid-idx?c=bhlead&amp;idno=umich-bhl-4150</subfield>
  </datafield>
  <datafield tag="852" ind1="8" ind2=" ">
    <subfield code="a">MiU-H</subfield>
    <subfield code="b">BENT</subfield>
    <subfield code="h">4150 Aa 2 Box 1</subfield>
  </datafield>
  <datafield tag="852" ind1="8" ind2=" ">
    <subfield code="a">MiU-H</subfield>
    <subfield code="b">BENT</subfield>
    <subfield code="h">4150 Aa 2 Box 4</subfield>
  </datafield>
  <datafield tag="852" ind1="8" ind2=" ">
    <subfield code="a">MiU-H</subfield>
    <subfield code="b">BENT</subfield>
    <subfield code="h">4150 Aa 2 Box 3</subfield>
  </datafield>
  <datafield tag="852" ind1="8" ind2=" ">
    <subfield code="a">MiU-H</subfield>
    <subfield code="b">BENT</subfield>
    <subfield code="h">4150 Aa 2 Box 2</subfield>
  </datafield>
  <datafield tag="852" ind1="8" ind2=" ">
    <subfield code="a">MiU-H</subfield>
    <subfield code="b">BENT</subfield>
    <subfield code="h">4150 Aa 2 Box 5</subfield>
  </datafield>
  <datafield tag="997" ind1=" " ind2=" ">
    <subfield code="a">MARS</subfield>
  </datafield>
  <datafield tag="998" ind1=" " ind2=" ">
    <subfield code="c">LAC</subfield>
    <subfield code="s">9114</subfield>
  </datafield>
  <datafield tag="955" ind1=" " ind2=" ">
    <subfield code="b">BENT</subfield>
    <subfield code="p">39015071662709</subfield>
    <subfield code="z">Capital improvements budget and program, 1997/2003</subfield>
  </datafield>
  <datafield tag="955" ind1=" " ind2=" ">
    <subfield code="b">BENT</subfield>
    <subfield code="p">39015071846245</subfield>
    <subfield code="z">Annual report, 1965/1966</subfield>
  </datafield>
  <datafield tag="955" ind1=" " ind2=" ">
    <subfield code="b">BENT</subfield>
    <subfield code="p">39015071846252</subfield>
    <subfield code="z">Annual report, 1977</subfield>
  </datafield>
  <datafield tag="955" ind1=" " ind2=" ">
    <subfield code="b">BENT</subfield>
    <subfield code="p">39015071846260</subfield>
    <subfield code="z">Annual report, 1976</subfield>
  </datafield>
  <datafield tag="955" ind1=" " ind2=" ">
    <subfield code="b">BENT</subfield>
    <subfield code="p">39015071846278</subfield>
    <subfield code="z">Annual report, 1975</subfield>
  </datafield>
  <datafield tag="955" ind1=" " ind2=" ">
    <subfield code="b">BENT</subfield>
    <subfield code="p">39015071846286</subfield>
    <subfield code="z">Capital improvements budget and program, 1960/1965</subfield>
  </datafield>
  <datafield tag="955" ind1=" " ind2=" ">
    <subfield code="b">BENT</subfield>
    <subfield code="p">39015071846294</subfield>
    <subfield code="z">Capital improvements budget and program, 1961/1966</subfield>
  </datafield>
  <datafield tag="955" ind1=" " ind2=" ">
    <subfield code="b">BENT</subfield>
    <subfield code="p">39015071846302</subfield>
    <subfield code="z">Capital improvements budget and program, 1964/1970</subfield>
  </datafield>
  <datafield tag="955" ind1=" " ind2=" ">
    <subfield code="b">BENT</subfield>
    <subfield code="p">39015071846310</subfield>
    <subfield code="z">Capital improvements budget and program, 1965/1971 (General development plan)</subfield>
  </datafield>
  <datafield tag="955" ind1=" " ind2=" ">
    <subfield code="b">BENT</subfield>
    <subfield code="p">39015071846328</subfield>
    <subfield code="z">Capital improvements budget and program, 1966/1972</subfield>
  </datafield>
  <datafield tag="955" ind1=" " ind2=" ">
    <subfield code="b">BENT</subfield>
    <subfield code="p">39015071846336</subfield>
    <subfield code="z">Capital improvements budget and program, 1967/1973</subfield>
  </datafield>
  <datafield tag="955" ind1=" " ind2=" ">
    <subfield code="b">BENT</subfield>
    <subfield code="p">39015071846344</subfield>
    <subfield code="z">Capital improvements budget and program, 1968/1974</subfield>
  </datafield>
  <datafield tag="955" ind1=" " ind2=" ">
    <subfield code="b">BENT</subfield>
    <subfield code="p">39015071846351</subfield>
    <subfield code="z">Capital improvements budget and program, 1969/1975</subfield>
  </datafield>
  <datafield tag="955" ind1=" " ind2=" ">
    <subfield code="b">BENT</subfield>
    <subfield code="p">39015071846369</subfield>
    <subfield code="z">Capital improvements budget and program, 1970/1976</subfield>
  </datafield>
  <datafield tag="955" ind1=" " ind2=" ">
    <subfield code="b">BENT</subfield>
    <subfield code="p">39015071846377</subfield>
    <subfield code="z">Capital improvements budget and program, 1971/1977 (draft)</subfield>
  </datafield>
  <datafield tag="955" ind1=" " ind2=" ">
    <subfield code="b">BENT</subfield>
    <subfield code="p">39015071846385</subfield>
    <subfield code="z">Capital improvements budget and program, 1972/1977</subfield>
  </datafield>
  <datafield tag="955" ind1=" " ind2=" ">
    <subfield code="b">BENT</subfield>
    <subfield code="p">39015071846393</subfield>
    <subfield code="z">Capital improvements budget and program, 1975/1980 (draft, October, 1974)</subfield>
  </datafield>
  <datafield tag="955" ind1=" " ind2=" ">
    <subfield code="b">BENT</subfield>
    <subfield code="p">39015071846401</subfield>
    <subfield code="z">Capital improvements budget and program, 1975/1980 (draft, November, 1974)</subfield>
  </datafield>
  <datafield tag="955" ind1=" " ind2=" ">
    <subfield code="b">BENT</subfield>
    <subfield code="p">39015071846419</subfield>
    <subfield code="z">Capital improvements budget and program, 1976/1981 (draft, October, 1975)</subfield>
  </datafield>
  <datafield tag="955" ind1=" " ind2=" ">
    <subfield code="b">BENT</subfield>
    <subfield code="p">39015071846427</subfield>
    <subfield code="z">Capital improvements budget and program, 1976/1981</subfield>
  </datafield>
  <datafield tag="955" ind1=" " ind2=" ">
    <subfield code="b">BENT</subfield>
    <subfield code="p">39015071846435</subfield>
    <subfield code="z">Capital improvements budget and program, 1977/1982 (draft, November, 1976)</subfield>
  </datafield>
  <datafield tag="955" ind1=" " ind2=" ">
    <subfield code="b">BENT</subfield>
    <subfield code="p">39015071846443</subfield>
    <subfield code="z">Capital improvements budget and program, 1977/1982 (draft, October, 1976)</subfield>
  </datafield>
  <datafield tag="955" ind1=" " ind2=" ">
    <subfield code="b">BENT</subfield>
    <subfield code="p">39015071846450</subfield>
    <subfield code="z">Capital improvements budget and program, 1977/1982</subfield>
  </datafield>
  <datafield tag="955" ind1=" " ind2=" ">
    <subfield code="b">BENT</subfield>
    <subfield code="p">39015071846468</subfield>
    <subfield code="z">Capital improvements budget and program, 1978/1983 (draft, October, 1977)</subfield>
  </datafield>
  <datafield tag="955" ind1=" " ind2=" ">
    <subfield code="b">BENT</subfield>
    <subfield code="p">39015071846476</subfield>
    <subfield code="z">Capital improvements budget and program, 1978/1983 (draft, December, 1977)</subfield>
  </datafield>
  <datafield tag="955" ind1=" " ind2=" ">
    <subfield code="b">BENT</subfield>
    <subfield code="p">39015071846484</subfield>
    <subfield code="z">Capital improvements budget and program, 1978/1983</subfield>
  </datafield>
  <datafield tag="955" ind1=" " ind2=" ">
    <subfield code="b">BENT</subfield>
    <subfield code="p">39015071846492</subfield>
    <subfield code="z">Capital improvements budget and program, 1980/1985</subfield>
  </datafield>
  <datafield tag="955" ind1=" " ind2=" ">
    <subfield code="b">BENT</subfield>
    <subfield code="p">39015071846500</subfield>
    <subfield code="z">Capital improvements budget and program, 1983/1988</subfield>
  </datafield>
  <datafield tag="955" ind1=" " ind2=" ">
    <subfield code="b">BENT</subfield>
    <subfield code="p">39015071846518</subfield>
    <subfield code="z">Capital improvements budget and program, 1986/1991</subfield>
  </datafield>
  <datafield tag="955" ind1=" " ind2=" ">
    <subfield code="b">BENT</subfield>
    <subfield code="p">39015071846526</subfield>
    <subfield code="z">Capital improvements budget and program, 1987/1992</subfield>
  </datafield>
  <datafield tag="955" ind1=" " ind2=" ">
    <subfield code="b">BENT</subfield>
    <subfield code="p">39015071846534</subfield>
    <subfield code="z">Capital improvements budget and program, 1990/1996</subfield>
  </datafield>
  <datafield tag="955" ind1=" " ind2=" ">
    <subfield code="b">BENT</subfield>
    <subfield code="p">39015071846542</subfield>
    <subfield code="z">Capital improvements budget and program, 1991/1997</subfield>
  </datafield>
  <datafield tag="955" ind1=" " ind2=" ">
    <subfield code="b">BENT</subfield>
    <subfield code="p">39015071846559</subfield>
    <subfield code="z">Minutes, 1957-1958</subfield>
  </datafield>
  <datafield tag="955" ind1=" " ind2=" ">
    <subfield code="b">BENT</subfield>
    <subfield code="p">39015071846567</subfield>
    <subfield code="z">Planning information brochure, 1956</subfield>
  </datafield>
  <datafield tag="955" ind1=" " ind2=" ">
    <subfield code="b">BENT</subfield>
    <subfield code="p">39015071846575</subfield>
    <subfield code="z">Chapter 55 ? Zoning (proposed zoning chapter), 1960</subfield>
  </datafield>
  <datafield tag="955" ind1=" " ind2=" ">
    <subfield code="b">BENT</subfield>
    <subfield code="p">39015071846583</subfield>
    <subfield code="z">Population and housing: a report on population and housing based on the 1960 federal decennial census. 1961</subfield>
  </datafield>
  <datafield tag="955" ind1=" " ind2=" ">
    <subfield code="b">BENT</subfield>
    <subfield code="p">39015071846591</subfield>
    <subfield code="z">Annual report, 1964/1965</subfield>
  </datafield>
  <datafield tag="955" ind1=" " ind2=" ">
    <subfield code="b">BENT</subfield>
    <subfield code="p">39015071846609</subfield>
    <subfield code="z">Annual report, 1962/1963</subfield>
  </datafield>
  <datafield tag="955" ind1=" " ind2=" ">
    <subfield code="b">BENT</subfield>
    <subfield code="p">39015071846617</subfield>
    <subfield code="z">Capital improvements budget and program, 1975/1980</subfield>
  </datafield>
  <datafield tag="955" ind1=" " ind2=" ">
    <subfield code="b">BENT</subfield>
    <subfield code="p">39015071846625</subfield>
    <subfield code="z">West Jackson, Liberty-Stadium-Virginia Park area study (General development plan), 1963</subfield>
  </datafield>
  <datafield tag="955" ind1=" " ind2=" ">
    <subfield code="b">BENT</subfield>
    <subfield code="p">39015071846633</subfield>
    <subfield code="z">Northeast area study (General development plan), 1963</subfield>
  </datafield>
  <datafield tag="955" ind1=" " ind2=" ">
    <subfield code="b">BENT</subfield>
    <subfield code="p">39015071846641</subfield>
    <subfield code="z">Ann Arbor Metropolitan Area traffic study: tabulations and trip tables, 1963</subfield>
  </datafield>
  <datafield tag="955" ind1=" " ind2=" ">
    <subfield code="b">BENT</subfield>
    <subfield code="p">39015071846658</subfield>
    <subfield code="z">Report of commercial zoning and development in Ann Arbor, 1962</subfield>
  </datafield>
  <datafield tag="955" ind1=" " ind2=" ">
    <subfield code="b">BENT</subfield>
    <subfield code="p">39015071846666</subfield>
    <subfield code="z">Land development regulations (General development plan, Part 3, chapter 2, section 1-3), 1962</subfield>
  </datafield>
  <datafield tag="955" ind1=" " ind2=" ">
    <subfield code="b">BENT</subfield>
    <subfield code="p">39015071846674</subfield>
    <subfield code="z">Planning Commission function and responsibility, 1964</subfield>
  </datafield>
  <datafield tag="955" ind1=" " ind2=" ">
    <subfield code="b">BENT</subfield>
    <subfield code="p">39015071846682</subfield>
    <subfield code="z">R4 multiple family density study, 1965</subfield>
  </datafield>
  <datafield tag="955" ind1=" " ind2=" ">
    <subfield code="b">BENT</subfield>
    <subfield code="p">39015071846690</subfield>
    <subfield code="z">Master plan profile: City of Ann Arbor Michigan general development plan, a descriptive summary, 1965</subfield>
  </datafield>
  <datafield tag="955" ind1=" " ind2=" ">
    <subfield code="b">BENT</subfield>
    <subfield code="p">39015071846708</subfield>
    <subfield code="z">Land development regulations, amended (General development plan, Part III, Chater 2, Section 1-3), 1965</subfield>
  </datafield>
  <datafield tag="955" ind1=" " ind2=" ">
    <subfield code="b">BENT</subfield>
    <subfield code="p">39015071846716</subfield>
    <subfield code="z">Economic base report (General development plan), 1965</subfield>
  </datafield>
  <datafield tag="955" ind1=" " ind2=" ">
    <subfield code="b">BENT</subfield>
    <subfield code="p">39015071846724</subfield>
    <subfield code="z">R4 multiple family density study: revised copy, 1967</subfield>
  </datafield>
  <datafield tag="955" ind1=" " ind2=" ">
    <subfield code="b">BENT</subfield>
    <subfield code="p">39015071846732</subfield>
    <subfield code="z">Industrial survey: factors affecting location-relocation patterns of manufacturing-research firms in the Ann Arbor area: a working paper (General development plan), 1967</subfield>
  </datafield>
  <datafield tag="955" ind1=" " ind2=" ">
    <subfield code="b">BENT</subfield>
    <subfield code="p">39015071846740</subfield>
    <subfield code="z">Economic base: a working paper (General development plan), 1967</subfield>
  </datafield>
  <datafield tag="955" ind1=" " ind2=" ">
    <subfield code="b">BENT</subfield>
    <subfield code="p">39015071846757</subfield>
    <subfield code="z">Plymouth Road density potential study, 1966</subfield>
  </datafield>
  <datafield tag="955" ind1=" " ind2=" ">
    <subfield code="b">BENT</subfield>
    <subfield code="p">39015071846765</subfield>
    <subfield code="z">Planned unit development study (Preliminary), 1966</subfield>
  </datafield>
  <datafield tag="955" ind1=" " ind2=" ">
    <subfield code="b">BENT</subfield>
    <subfield code="p">39015071846773</subfield>
    <subfield code="z">Urban design for Ann Arbor (no date), 1968</subfield>
  </datafield>
  <datafield tag="955" ind1=" " ind2=" ">
    <subfield code="b">BENT</subfield>
    <subfield code="p">39015071846781</subfield>
    <subfield code="z">Urban design for Ann Arbor (a general development plan working paper, February 1968), 1968</subfield>
  </datafield>
  <datafield tag="955" ind1=" " ind2=" ">
    <subfield code="b">BENT</subfield>
    <subfield code="p">39015071846799</subfield>
    <subfield code="z">State St. mall evaluation (Preliminary), 1968</subfield>
  </datafield>
  <datafield tag="955" ind1=" " ind2=" ">
    <subfield code="b">BENT</subfield>
    <subfield code="p">39015071846807</subfield>
    <subfield code="z">Land development regulations supplement (General development plan, March 1970), 1970</subfield>
  </datafield>
  <datafield tag="955" ind1=" " ind2=" ">
    <subfield code="b">BENT</subfield>
    <subfield code="p">39015071846815</subfield>
    <subfield code="z">Design review, 1970</subfield>
  </datafield>
  <datafield tag="955" ind1=" " ind2=" ">
    <subfield code="b">BENT</subfield>
    <subfield code="p">39015071846823</subfield>
    <subfield code="z">Zoning chapter amendments: townhouse and multi-family zones, 1971</subfield>
  </datafield>
  <datafield tag="955" ind1=" " ind2=" ">
    <subfield code="b">BENT</subfield>
    <subfield code="p">39015071846831</subfield>
    <subfield code="z">R2B district study, 1971</subfield>
  </datafield>
  <datafield tag="955" ind1=" " ind2=" ">
    <subfield code="b">BENT</subfield>
    <subfield code="p">39015071846849</subfield>
    <subfield code="z">Guide for change, 1971</subfield>
  </datafield>
  <datafield tag="955" ind1=" " ind2=" ">
    <subfield code="b">BENT</subfield>
    <subfield code="p">39015071846856</subfield>
    <subfield code="z">Guide for change (summary), 1971</subfield>
  </datafield>
  <datafield tag="955" ind1=" " ind2=" ">
    <subfield code="b">BENT</subfield>
    <subfield code="p">39015071846864</subfield>
    <subfield code="z">Briarwood Shopping Center: a comprehensive report, 1971</subfield>
  </datafield>
  <datafield tag="955" ind1=" " ind2=" ">
    <subfield code="b">BENT</subfield>
    <subfield code="p">39015071846872</subfield>
    <subfield code="z">Land development manual (Part II and III, first draft), 1972</subfield>
  </datafield>
  <datafield tag="955" ind1=" " ind2=" ">
    <subfield code="b">BENT</subfield>
    <subfield code="p">39015071846880</subfield>
    <subfield code="z">General characteristics of population and housing, March 1972</subfield>
  </datafield>
  <datafield tag="955" ind1=" " ind2=" ">
    <subfield code="b">BENT</subfield>
    <subfield code="p">39015071846898</subfield>
    <subfield code="z">General characteristics of population and housing, December 1972</subfield>
  </datafield>
  <datafield tag="955" ind1=" " ind2=" ">
    <subfield code="b">BENT</subfield>
    <subfield code="p">39015071846906</subfield>
    <subfield code="z">Pittsfield Valley south area plan, 1973</subfield>
  </datafield>
  <datafield tag="955" ind1=" " ind2=" ">
    <subfield code="b">BENT</subfield>
    <subfield code="p">39015071846914</subfield>
    <subfield code="z">Land development manual (Part I and IV, first drafts, Part II, Chapters 1-5, revised), 1973</subfield>
  </datafield>
  <datafield tag="955" ind1=" " ind2=" ">
    <subfield code="b">BENT</subfield>
    <subfield code="p">39015071846922</subfield>
    <subfield code="z">General development plan for the city of Ann Arbor, July 1973</subfield>
  </datafield>
  <datafield tag="955" ind1=" " ind2=" ">
    <subfield code="b">BENT</subfield>
    <subfield code="p">39015071846930</subfield>
    <subfield code="z">General development plan for the city of Ann Arbor, June 1973</subfield>
  </datafield>
  <datafield tag="955" ind1=" " ind2=" ">
    <subfield code="b">BENT</subfield>
    <subfield code="p">39015071846948</subfield>
    <subfield code="z">Central area policy plan for the city of Ann Arbor, June 1973, as amended July 24, 1973</subfield>
  </datafield>
  <datafield tag="955" ind1=" " ind2=" ">
    <subfield code="b">BENT</subfield>
    <subfield code="p">39015071846955</subfield>
    <subfield code="z">Central area policy plan for the city of Ann Arbor, June 1973</subfield>
  </datafield>
  <datafield tag="955" ind1=" " ind2=" ">
    <subfield code="b">BENT</subfield>
    <subfield code="p">39015071846963</subfield>
    <subfield code="z">Central area inventory report for the city of Ann Arbor, 1974</subfield>
  </datafield>
  <datafield tag="955" ind1=" " ind2=" ">
    <subfield code="b">BENT</subfield>
    <subfield code="p">39015071846971</subfield>
    <subfield code="z">Ann Arbor City Planning Commission: Organization, duties, policies, procedures, by-laws, 1974</subfield>
  </datafield>
  <datafield tag="955" ind1=" " ind2=" ">
    <subfield code="b">BENT</subfield>
    <subfield code="p">39015071846989</subfield>
    <subfield code="z">Zoning chapter revision working papers, 1975</subfield>
  </datafield>
  <datafield tag="955" ind1=" " ind2=" ">
    <subfield code="b">BENT</subfield>
    <subfield code="p">39015071846997</subfield>
    <subfield code="z">Downtown concept plan (Draft 2, summary), 1975</subfield>
  </datafield>
  <datafield tag="955" ind1=" " ind2=" ">
    <subfield code="b">BENT</subfield>
    <subfield code="p">39015071847003</subfield>
    <subfield code="z">Downtown Ann Arbor: a development and conservation strategy, 1975</subfield>
  </datafield>
  <datafield tag="955" ind1=" " ind2=" ">
    <subfield code="b">BENT</subfield>
    <subfield code="p">39015071847011</subfield>
    <subfield code="z">Downtown Ann Arbor: a development and conservation strategy (Central area plan, Part 1) (Draft), 1975</subfield>
  </datafield>
  <datafield tag="955" ind1=" " ind2=" ">
    <subfield code="b">BENT</subfield>
    <subfield code="p">39015071847029</subfield>
    <subfield code="z">Ann Arbor Municipal Airport, Master Plan Phase I, 1975</subfield>
  </datafield>
  <datafield tag="955" ind1=" " ind2=" ">
    <subfield code="b">BENT</subfield>
    <subfield code="p">39015071847037</subfield>
    <subfield code="z">Land use (Central neighborhood plan working paper, 1), 1976</subfield>
  </datafield>
  <datafield tag="955" ind1=" " ind2=" ">
    <subfield code="b">BENT</subfield>
    <subfield code="p">39015071847045</subfield>
    <subfield code="z">Downtown zoning (Working paper, 6), 1976</subfield>
  </datafield>
  <datafield tag="955" ind1=" " ind2=" ">
    <subfield code="b">BENT</subfield>
    <subfield code="p">39015071847060</subfield>
    <subfield code="z">Compendium of south area plans and policies: core planning districts, 1976</subfield>
  </datafield>
  <datafield tag="955" ind1=" " ind2=" ">
    <subfield code="b">BENT</subfield>
    <subfield code="p">39015071847078</subfield>
    <subfield code="z">Commercial zoning (Working paper, 4), 1976</subfield>
  </datafield>
  <datafield tag="955" ind1=" " ind2=" ">
    <subfield code="b">BENT</subfield>
    <subfield code="p">39015071847086</subfield>
    <subfield code="z">Circulation plan elements (Circulation plan, Section 3) (Draft 1 of parts 5 and 6: pedestrian ways and rails), 1976</subfield>
  </datafield>
  <datafield tag="955" ind1=" " ind2=" ">
    <subfield code="b">BENT</subfield>
    <subfield code="p">39015071847094</subfield>
    <subfield code="z">Circulation plan elements (Circulation plan, Section 3) (Draft 1 of part 4: bicycle pathways), 1976</subfield>
  </datafield>
  <datafield tag="955" ind1=" " ind2=" ">
    <subfield code="b">BENT</subfield>
    <subfield code="p">39015071847102</subfield>
    <subfield code="z">Circulation plan elements (Circulation plan, Section 3) (Draft 1 of part 3: parking), 1976</subfield>
  </datafield>
  <datafield tag="955" ind1=" " ind2=" ">
    <subfield code="b">BENT</subfield>
    <subfield code="p">39015071847110</subfield>
    <subfield code="z">Circulation plan elements (Circulation plan, Section 3) (Draft 1 of part 2: transit), 1976</subfield>
  </datafield>
  <datafield tag="955" ind1=" " ind2=" ">
    <subfield code="b">BENT</subfield>
    <subfield code="p">39015071847128</subfield>
    <subfield code="z">Circulation plan elements (Circulation plan, Section 3) (Draft 1 of part 1: roads), 1976</subfield>
  </datafield>
  <datafield tag="955" ind1=" " ind2=" ">
    <subfield code="b">BENT</subfield>
    <subfield code="p">39015071847136</subfield>
    <subfield code="z">Neighborhood livability and streets (Central neighborhood plan working paper, 3), 1977</subfield>
  </datafield>
  <datafield tag="955" ind1=" " ind2=" ">
    <subfield code="b">BENT</subfield>
    <subfield code="p">39015071847144</subfield>
    <subfield code="z">Housing (Central neighborhood plan working paper, 2), 1977</subfield>
  </datafield>
  <datafield tag="955" ind1=" " ind2=" ">
    <subfield code="b">BENT</subfield>
    <subfield code="p">39015071847151</subfield>
    <subfield code="z">Downtown Ann Arbor: a conservation and development strategy, 1977</subfield>
  </datafield>
  <datafield tag="955" ind1=" " ind2=" ">
    <subfield code="b">BENT</subfield>
    <subfield code="p">39015071847169</subfield>
    <subfield code="z">The downtown and close-in neighborhoods: that uneasy feeling (Central neighborhood plan working paper, 4), 1977</subfield>
  </datafield>
  <datafield tag="955" ind1=" " ind2=" ">
    <subfield code="b">BENT</subfield>
    <subfield code="p">39015071847177</subfield>
    <subfield code="z">Circulation problem solving process (5th draft), 1977</subfield>
  </datafield>
  <datafield tag="955" ind1=" " ind2=" ">
    <subfield code="b">BENT</subfield>
    <subfield code="p">39015071847185</subfield>
    <subfield code="z">Plan for solving circulation problems, 1977</subfield>
  </datafield>
  <datafield tag="955" ind1=" " ind2=" ">
    <subfield code="b">BENT</subfield>
    <subfield code="p">39015071847193</subfield>
    <subfield code="z">Proposed 1990 circulation plan (4th draft), map errata sheet and appendices, 1977</subfield>
  </datafield>
  <datafield tag="955" ind1=" " ind2=" ">
    <subfield code="b">BENT</subfield>
    <subfield code="p">39015071847201</subfield>
    <subfield code="z">Proposed 1990 circulation plan (4th draft), 1977</subfield>
  </datafield>
  <datafield tag="955" ind1=" " ind2=" ">
    <subfield code="b">BENT</subfield>
    <subfield code="p">39015071847219</subfield>
    <subfield code="z">Vacant land inventory, 1978</subfield>
  </datafield>
  <datafield tag="955" ind1=" " ind2=" ">
    <subfield code="b">BENT</subfield>
    <subfield code="p">39015071847227</subfield>
    <subfield code="z">Proposed parks and open space plan, 1978</subfield>
  </datafield>
  <datafield tag="955" ind1=" " ind2=" ">
    <subfield code="b">BENT</subfield>
    <subfield code="p">39015071847235</subfield>
    <subfield code="z">Analysis of planning options and recommendations: a study of transitional and vacant land areas in Ann Arbor, 1980</subfield>
  </datafield>
  <datafield tag="955" ind1=" " ind2=" ">
    <subfield code="b">BENT</subfield>
    <subfield code="p">39015071847243</subfield>
    <subfield code="z">Planning options for Ann Arbor: a preliminary paper on land use options for transitional and vacant land areas, 1980</subfield>
  </datafield>
  <datafield tag="955" ind1=" " ind2=" ">
    <subfield code="b">BENT</subfield>
    <subfield code="p">39015071847250</subfield>
    <subfield code="z">Ann Arbor's housing supply and household characteristics, 1980</subfield>
  </datafield>
  <datafield tag="955" ind1=" " ind2=" ">
    <subfield code="b">BENT</subfield>
    <subfield code="p">39015071847268</subfield>
    <subfield code="z">Ann Arbor household survey, supplemental tables (Preliminary), 1980</subfield>
  </datafield>
  <datafield tag="955" ind1=" " ind2=" ">
    <subfield code="b">BENT</subfield>
    <subfield code="p">39015071847276</subfield>
    <subfield code="z">Ann Arbor community natural features inventory, 1981</subfield>
  </datafield>
  <datafield tag="955" ind1=" " ind2=" ">
    <subfield code="b">BENT</subfield>
    <subfield code="p">39015071847284</subfield>
    <subfield code="z">Plan for transitional and vacant land areas, 1981</subfield>
  </datafield>
  <datafield tag="955" ind1=" " ind2=" ">
    <subfield code="b">BENT</subfield>
    <subfield code="p">39015071847292</subfield>
    <subfield code="z">Ann Arbor's park, recreation and open space plan, Preliminary draft, June 1981</subfield>
  </datafield>
  <datafield tag="955" ind1=" " ind2=" ">
    <subfield code="b">BENT</subfield>
    <subfield code="p">39015071847300</subfield>
    <subfield code="z">Zoning chapter revisions (Draft), 1981</subfield>
  </datafield>
  <datafield tag="955" ind1=" " ind2=" ">
    <subfield code="b">BENT</subfield>
    <subfield code="p">39015071847318</subfield>
    <subfield code="z">Ann Arbor's park, recreation and open space plan, Final draft, June 1981</subfield>
  </datafield>
  <datafield tag="955" ind1=" " ind2=" ">
    <subfield code="b">BENT</subfield>
    <subfield code="p">39015071847326</subfield>
    <subfield code="z">A guide for change: policies for public and private action, Second draft, 1969</subfield>
  </datafield>
  <datafield tag="955" ind1=" " ind2=" ">
    <subfield code="b">BENT</subfield>
    <subfield code="p">39015071847334</subfield>
    <subfield code="z">The Ann Arbor growth study, 1972</subfield>
  </datafield>
  <datafield tag="955" ind1=" " ind2=" ">
    <subfield code="b">BENT</subfield>
    <subfield code="p">39015071847342</subfield>
    <subfield code="z">A guide for change: policies for public and private action, Preliminary: for citizen review and discussion, 1969</subfield>
  </datafield>
  <datafield tag="955" ind1=" " ind2=" ">
    <subfield code="b">BENT</subfield>
    <subfield code="p">39015071847359</subfield>
    <subfield code="z">Plan for parks and open space (General development plan, Part 2, chapter 2), 1965</subfield>
  </datafield>
  <datafield tag="955" ind1=" " ind2=" ">
    <subfield code="b">BENT</subfield>
    <subfield code="p">39015071847367</subfield>
    <subfield code="z">A guide to action: the Ann Arbor Central Area 1962</subfield>
  </datafield>
  <datafield tag="955" ind1=" " ind2=" ">
    <subfield code="b">BENT</subfield>
    <subfield code="p">39015071847375</subfield>
    <subfield code="z">Ann Arbor downtown data: establishment file, 1983</subfield>
  </datafield>
  <datafield tag="955" ind1=" " ind2=" ">
    <subfield code="b">BENT</subfield>
    <subfield code="p">39015071847383</subfield>
    <subfield code="z">Ann Arbor downtown data: block data, 1983</subfield>
  </datafield>
  <datafield tag="955" ind1=" " ind2=" ">
    <subfield code="b">BENT</subfield>
    <subfield code="p">39015071847391</subfield>
    <subfield code="z">The Ann Arbor corridor study: design guidelines for major roadways, Ann Arbor, Michigan (Summary report), 1983</subfield>
  </datafield>
  <datafield tag="955" ind1=" " ind2=" ">
    <subfield code="b">BENT</subfield>
    <subfield code="p">39015071847409</subfield>
    <subfield code="z">Ann Arbor's plan for parks, recreation and open space, 1988-1994 (Preliminary draft), 1987</subfield>
  </datafield>
  <datafield tag="955" ind1=" " ind2=" ">
    <subfield code="b">BENT</subfield>
    <subfield code="p">39015071847417</subfield>
    <subfield code="z">Ann Arbor downtown plan: final report summary, 1988</subfield>
  </datafield>
  <datafield tag="955" ind1=" " ind2=" ">
    <subfield code="b">BENT</subfield>
    <subfield code="p">39015071847425</subfield>
    <subfield code="z">Ann Arbor downtown plan: final draft summary, 1988</subfield>
  </datafield>
  <datafield tag="955" ind1=" " ind2=" ">
    <subfield code="b">BENT</subfield>
    <subfield code="p">39015071847433</subfield>
    <subfield code="z">Ann Arbor downtown plan: appendixes, 1988</subfield>
  </datafield>
  <datafield tag="955" ind1=" " ind2=" ">
    <subfield code="b">BENT</subfield>
    <subfield code="p">39015071847441</subfield>
    <subfield code="z">Ann Arbor downtown plan, 1988</subfield>
  </datafield>
  <datafield tag="955" ind1=" " ind2=" ">
    <subfield code="b">BENT</subfield>
    <subfield code="p">39015071847458</subfield>
    <subfield code="z">Northeast area plan for the city of Ann Arbor, 1989</subfield>
  </datafield>
  <datafield tag="955" ind1=" " ind2=" ">
    <subfield code="b">BENT</subfield>
    <subfield code="p">39015071847466</subfield>
    <subfield code="z">Ann Arbor transportation plan update, 1990</subfield>
  </datafield>
  <datafield tag="955" ind1=" " ind2=" ">
    <subfield code="b">BENT</subfield>
    <subfield code="p">39015071847474</subfield>
    <subfield code="z">Central area plan summary, 1992</subfield>
  </datafield>
  <datafield tag="955" ind1=" " ind2=" ">
    <subfield code="b">BENT</subfield>
    <subfield code="p">39015071847482</subfield>
    <subfield code="z">Central area plan, 1992</subfield>
  </datafield>
  <datafield tag="955" ind1=" " ind2=" ">
    <subfield code="b">BENT</subfield>
    <subfield code="p">39015071847490</subfield>
    <subfield code="z">Informational booklet, proposed north central urban renewal project, Ann Arbor, Michigan, Date unknown</subfield>
  </datafield>
  <datafield tag="955" ind1=" " ind2=" ">
    <subfield code="b">BENT</subfield>
    <subfield code="p">B1062068</subfield>
  </datafield>
  <controlfield tag="001">002746961</controlfield>
  <controlfield tag="005">20150522163140.0</controlfield>
  <controlfield tag="008">940609m196119uumiu^^^^^^^^^^l000^0^eng^d</controlfield>
  <datafield tag="035" ind1=" " ind2=" ">
    <subfield code="a">(RLIN)MIUV91-B463</subfield>
  </datafield>
  <datafield tag="035" ind1=" " ind2=" ">
    <subfield code="a">(OCoLC)702899210</subfield>
  </datafield>
  <datafield tag="040" ind1=" " ind2=" ">
    <subfield code="a">MiU-H</subfield>
    <subfield code="c">MiU-H</subfield>
  </datafield>
  <datafield tag="110" ind1="1" ind2=" ">
    <subfield code="a">Ann Arbor (Mich.).</subfield>
    <subfield code="b">Planning Commission.</subfield>
  </datafield>
  <datafield tag="245" ind1="1" ind2="0">
    <subfield code="a">[Ann Arbor Planning Commission publications].</subfield>
  </datafield>
  <datafield tag="260" ind1=" " ind2=" ">
    <subfield code="a">Ann Arbor, Mich. :</subfield>
    <subfield code="b">The Commission,</subfield>
    <subfield code="c">1961-19--</subfield>
  </datafield>
  <datafield tag="300" ind1=" " ind2=" ">
    <subfield code="a">5 linear ft.</subfield>
  </datafield>
  <datafield tag="555" ind1="0" ind2=" ">
    <subfield code="a">Finding aid in the library.</subfield>
  </datafield>
  <datafield tag="555" ind1="0" ind2=" ">
    <subfield code="a">Finding aid via World Wide Web at URL: http://quod.lib.umich.edu/cgi/f/findaid/findaid-idx?c=bhlead&amp;idno=umich-bhl-4150</subfield>
  </datafield>
  <datafield tag="500" ind1=" " ind2=" ">
    <subfield code="a">Also includes publications of the related office Ann Arbor City Planning Dept.</subfield>
  </datafield>
  <datafield tag="651" ind1=" " ind2="0">
    <subfield code="a">Ann Arbor (Mich.)</subfield>
    <subfield code="x">Economic conditions.</subfield>
  </datafield>
  <datafield tag="651" ind1=" " ind2="0">
    <subfield code="a">Ann Arbor (Mich.)</subfield>
    <subfield code="x">Population.</subfield>
  </datafield>
  <datafield tag="651" ind1=" " ind2="0">
    <subfield code="a">Ann Arbor (Mich.)</subfield>
    <subfield code="v">Statistics.</subfield>
  </datafield>
  <datafield tag="610" ind1="1" ind2="0">
    <subfield code="a">Ann Arbor (Mich.).</subfield>
    <subfield code="b">Planning Commission.</subfield>
  </datafield>
  <datafield tag="610" ind1="1" ind2="0">
    <subfield code="a">Ann Arbor (Mich.).</subfield>
    <subfield code="b">City Planning Department.</subfield>
  </datafield>
  <datafield tag="650" ind1=" " ind2="0">
    <subfield code="a">City planning</subfield>
    <subfield code="z">Michigan</subfield>
    <subfield code="z">Ann Arbor.</subfield>
  </datafield>
  <datafield tag="650" ind1=" " ind2="0">
    <subfield code="a">Housing</subfield>
    <subfield code="z">Michigan</subfield>
    <subfield code="z">Ann Arbor.</subfield>
  </datafield>
  <datafield tag="650" ind1=" " ind2="0">
    <subfield code="a">Parks</subfield>
    <subfield code="z">Michigan</subfield>
    <subfield code="z">Ann Arbor.</subfield>
  </datafield>
  <datafield tag="650" ind1=" " ind2="0">
    <subfield code="a">Recreation</subfield>
    <subfield code="z">Michigan</subfield>
    <subfield code="z">Ann Arbor.</subfield>
  </datafield>
  <datafield tag="710" ind1="1" ind2=" ">
    <subfield code="a">Ann Arbor (Mich.).</subfield>
    <subfield code="b">City Planning Department.</subfield>
  </datafield>
  <datafield tag="856" ind1="4" ind2="2">
    <subfield code="3">Finding aid:</subfield>
    <subfield code="u">http://quod.lib.umich.edu/cgi/f/findaid/findaid-idx?c=bhlead&amp;idno=umich-bhl-4150</subfield>
  </datafield>
  <datafield tag="852" ind1="8" ind2=" ">
    <subfield code="a">MiU-H</subfield>
    <subfield code="b">BENT</subfield>
    <subfield code="h">4150 Aa 2 Box 1</subfield>
  </datafield>
  <datafield tag="852" ind1="8" ind2=" ">
    <subfield code="a">MiU-H</subfield>
    <subfield code="b">BENT</subfield>
    <subfield code="h">4150 Aa 2 Box 4</subfield>
  </datafield>
  <datafield tag="852" ind1="8" ind2=" ">
    <subfield code="a">MiU-H</subfield>
    <subfield code="b">BENT</subfield>
    <subfield code="h">4150 Aa 2 Box 3</subfield>
  </datafield>
  <datafield tag="852" ind1="8" ind2=" ">
    <subfield code="a">MiU-H</subfield>
    <subfield code="b">BENT</subfield>
    <subfield code="h">4150 Aa 2 Box 2</subfield>
  </datafield>
  <datafield tag="852" ind1="8" ind2=" ">
    <subfield code="a">MiU-H</subfield>
    <subfield code="b">BENT</subfield>
    <subfield code="h">4150 Aa 2 Box 5</subfield>
  </datafield>
  <datafield tag="997" ind1=" " ind2=" ">
    <subfield code="a">MARS</subfield>
  </datafield>
  <datafield tag="998" ind1=" " ind2=" ">
    <subfield code="c">LAC</subfield>
    <subfield code="s">9114</subfield>
  </datafield>
  <datafield tag="955" ind1=" " ind2=" ">
    <subfield code="b">BENT</subfield>
    <subfield code="p">39015071662709</subfield>
    <subfield code="z">Capital improvements budget and program, 1997/2003</subfield>
  </datafield>
  <datafield tag="955" ind1=" " ind2=" ">
    <subfield code="b">BENT</subfield>
    <subfield code="p">39015071846245</subfield>
    <subfield code="z">Annual report, 1965/1966</subfield>
  </datafield>
  <datafield tag="955" ind1=" " ind2=" ">
    <subfield code="b">BENT</subfield>
    <subfield code="p">39015071846252</subfield>
    <subfield code="z">Annual report, 1977</subfield>
  </datafield>
  <datafield tag="955" ind1=" " ind2=" ">
    <subfield code="b">BENT</subfield>
    <subfield code="p">39015071846260</subfield>
    <subfield code="z">Annual report, 1976</subfield>
  </datafield>
  <datafield tag="955" ind1=" " ind2=" ">
    <subfield code="b">BENT</subfield>
    <subfield code="p">39015071846278</subfield>
    <subfield code="z">Annual report, 1975</subfield>
  </datafield>
  <datafield tag="955" ind1=" " ind2=" ">
    <subfield code="b">BENT</subfield>
    <subfield code="p">39015071846286</subfield>
    <subfield code="z">Capital improvements budget and program, 1960/1965</subfield>
  </datafield>
  <datafield tag="955" ind1=" " ind2=" ">
    <subfield code="b">BENT</subfield>
    <subfield code="p">39015071846294</subfield>
    <subfield code="z">Capital improvements budget and program, 1961/1966</subfield>
  </datafield>
  <datafield tag="955" ind1=" " ind2=" ">
    <subfield code="b">BENT</subfield>
    <subfield code="p">39015071846302</subfield>
    <subfield code="z">Capital improvements budget and program, 1964/1970</subfield>
  </datafield>
  <datafield tag="955" ind1=" " ind2=" ">
    <subfield code="b">BENT</subfield>
    <subfield code="p">39015071846310</subfield>
    <subfield code="z">Capital improvements budget and program, 1965/1971 (General development plan)</subfield>
  </datafield>
  <datafield tag="955" ind1=" " ind2=" ">
    <subfield code="b">BENT</subfield>
    <subfield code="p">39015071846328</subfield>
    <subfield code="z">Capital improvements budget and program, 1966/1972</subfield>
  </datafield>
  <datafield tag="955" ind1=" " ind2=" ">
    <subfield code="b">BENT</subfield>
    <subfield code="p">39015071846336</subfield>
    <subfield code="z">Capital improvements budget and program, 1967/1973</subfield>
  </datafield>
  <datafield tag="955" ind1=" " ind2=" ">
    <subfield code="b">BENT</subfield>
    <subfield code="p">39015071846344</subfield>
    <subfield code="z">Capital improvements budget and program, 1968/1974</subfield>
  </datafield>
  <datafield tag="955" ind1=" " ind2=" ">
    <subfield code="b">BENT</subfield>
    <subfield code="p">39015071846351</subfield>
    <subfield code="z">Capital improvements budget and program, 1969/1975</subfield>
  </datafield>
  <datafield tag="955" ind1=" " ind2=" ">
    <subfield code="b">BENT</subfield>
    <subfield code="p">39015071846369</subfield>
    <subfield code="z">Capital improvements budget and program, 1970/1976</subfield>
  </datafield>
  <datafield tag="955" ind1=" " ind2=" ">
    <subfield code="b">BENT</subfield>
    <subfield code="p">39015071846377</subfield>
    <subfield code="z">Capital improvements budget and program, 1971/1977 (draft)</subfield>
  </datafield>
  <datafield tag="955" ind1=" " ind2=" ">
    <subfield code="b">BENT</subfield>
    <subfield code="p">39015071846385</subfield>
    <subfield code="z">Capital improvements budget and program, 1972/1977</subfield>
  </datafield>
  <datafield tag="955" ind1=" " ind2=" ">
    <subfield code="b">BENT</subfield>
    <subfield code="p">39015071846393</subfield>
    <subfield code="z">Capital improvements budget and program, 1975/1980 (draft, October, 1974)</subfield>
  </datafield>
  <datafield tag="955" ind1=" " ind2=" ">
    <subfield code="b">BENT</subfield>
    <subfield code="p">39015071846401</subfield>
    <subfield code="z">Capital improvements budget and program, 1975/1980 (draft, November, 1974)</subfield>
  </datafield>
  <datafield tag="955" ind1=" " ind2=" ">
    <subfield code="b">BENT</subfield>
    <subfield code="p">39015071846419</subfield>
    <subfield code="z">Capital improvements budget and program, 1976/1981 (draft, October, 1975)</subfield>
  </datafield>
  <datafield tag="955" ind1=" " ind2=" ">
    <subfield code="b">BENT</subfield>
    <subfield code="p">39015071846427</subfield>
    <subfield code="z">Capital improvements budget and program, 1976/1981</subfield>
  </datafield>
  <datafield tag="955" ind1=" " ind2=" ">
    <subfield code="b">BENT</subfield>
    <subfield code="p">39015071846435</subfield>
    <subfield code="z">Capital improvements budget and program, 1977/1982 (draft, November, 1976)</subfield>
  </datafield>
  <datafield tag="955" ind1=" " ind2=" ">
    <subfield code="b">BENT</subfield>
    <subfield code="p">39015071846443</subfield>
    <subfield code="z">Capital improvements budget and program, 1977/1982 (draft, October, 1976)</subfield>
  </datafield>
  <datafield tag="955" ind1=" " ind2=" ">
    <subfield code="b">BENT</subfield>
    <subfield code="p">39015071846450</subfield>
    <subfield code="z">Capital improvements budget and program, 1977/1982</subfield>
  </datafield>
  <datafield tag="955" ind1=" " ind2=" ">
    <subfield code="b">BENT</subfield>
    <subfield code="p">39015071846468</subfield>
    <subfield code="z">Capital improvements budget and program, 1978/1983 (draft, October, 1977)</subfield>
  </datafield>
  <datafield tag="955" ind1=" " ind2=" ">
    <subfield code="b">BENT</subfield>
    <subfield code="p">39015071846476</subfield>
    <subfield code="z">Capital improvements budget and program, 1978/1983 (draft, December, 1977)</subfield>
  </datafield>
  <datafield tag="955" ind1=" " ind2=" ">
    <subfield code="b">BENT</subfield>
    <subfield code="p">39015071846484</subfield>
    <subfield code="z">Capital improvements budget and program, 1978/1983</subfield>
  </datafield>
  <datafield tag="955" ind1=" " ind2=" ">
    <subfield code="b">BENT</subfield>
    <subfield code="p">39015071846492</subfield>
    <subfield code="z">Capital improvements budget and program, 1980/1985</subfield>
  </datafield>
  <datafield tag="955" ind1=" " ind2=" ">
    <subfield code="b">BENT</subfield>
    <subfield code="p">39015071846500</subfield>
    <subfield code="z">Capital improvements budget and program, 1983/1988</subfield>
  </datafield>
  <datafield tag="955" ind1=" " ind2=" ">
    <subfield code="b">BENT</subfield>
    <subfield code="p">39015071846518</subfield>
    <subfield code="z">Capital improvements budget and program, 1986/1991</subfield>
  </datafield>
  <datafield tag="955" ind1=" " ind2=" ">
    <subfield code="b">BENT</subfield>
    <subfield code="p">39015071846526</subfield>
    <subfield code="z">Capital improvements budget and program, 1987/1992</subfield>
  </datafield>
  <datafield tag="955" ind1=" " ind2=" ">
    <subfield code="b">BENT</subfield>
    <subfield code="p">39015071846534</subfield>
    <subfield code="z">Capital improvements budget and program, 1990/1996</subfield>
  </datafield>
  <datafield tag="955" ind1=" " ind2=" ">
    <subfield code="b">BENT</subfield>
    <subfield code="p">39015071846542</subfield>
    <subfield code="z">Capital improvements budget and program, 1991/1997</subfield>
  </datafield>
  <datafield tag="955" ind1=" " ind2=" ">
    <subfield code="b">BENT</subfield>
    <subfield code="p">39015071846559</subfield>
    <subfield code="z">Minutes, 1957-1958</subfield>
  </datafield>
  <datafield tag="955" ind1=" " ind2=" ">
    <subfield code="b">BENT</subfield>
    <subfield code="p">39015071846567</subfield>
    <subfield code="z">Planning information brochure, 1956</subfield>
  </datafield>
  <datafield tag="955" ind1=" " ind2=" ">
    <subfield code="b">BENT</subfield>
    <subfield code="p">39015071846575</subfield>
    <subfield code="z">Chapter 55 ? Zoning (proposed zoning chapter), 1960</subfield>
  </datafield>
  <datafield tag="955" ind1=" " ind2=" ">
    <subfield code="b">BENT</subfield>
    <subfield code="p">39015071846583</subfield>
    <subfield code="z">Population and housing: a report on population and housing based on the 1960 federal decennial census. 1961</subfield>
  </datafield>
  <datafield tag="955" ind1=" " ind2=" ">
    <subfield code="b">BENT</subfield>
    <subfield code="p">39015071846591</subfield>
    <subfield code="z">Annual report, 1964/1965</subfield>
  </datafield>
  <datafield tag="955" ind1=" " ind2=" ">
    <subfield code="b">BENT</subfield>
    <subfield code="p">39015071846609</subfield>
    <subfield code="z">Annual report, 1962/1963</subfield>
  </datafield>
  <datafield tag="955" ind1=" " ind2=" ">
    <subfield code="b">BENT</subfield>
    <subfield code="p">39015071846617</subfield>
    <subfield code="z">Capital improvements budget and program, 1975/1980</subfield>
  </datafield>
  <datafield tag="955" ind1=" " ind2=" ">
    <subfield code="b">BENT</subfield>
    <subfield code="p">39015071846625</subfield>
    <subfield code="z">West Jackson, Liberty-Stadium-Virginia Park area study (General development plan), 1963</subfield>
  </datafield>
  <datafield tag="955" ind1=" " ind2=" ">
    <subfield code="b">BENT</subfield>
    <subfield code="p">39015071846633</subfield>
    <subfield code="z">Northeast area study (General development plan), 1963</subfield>
  </datafield>
  <datafield tag="955" ind1=" " ind2=" ">
    <subfield code="b">BENT</subfield>
    <subfield code="p">39015071846641</subfield>
    <subfield code="z">Ann Arbor Metropolitan Area traffic study: tabulations and trip tables, 1963</subfield>
  </datafield>
  <datafield tag="955" ind1=" " ind2=" ">
    <subfield code="b">BENT</subfield>
    <subfield code="p">39015071846658</subfield>
    <subfield code="z">Report of commercial zoning and development in Ann Arbor, 1962</subfield>
  </datafield>
  <datafield tag="955" ind1=" " ind2=" ">
    <subfield code="b">BENT</subfield>
    <subfield code="p">39015071846666</subfield>
    <subfield code="z">Land development regulations (General development plan, Part 3, chapter 2, section 1-3), 1962</subfield>
  </datafield>
  <datafield tag="955" ind1=" " ind2=" ">
    <subfield code="b">BENT</subfield>
    <subfield code="p">39015071846674</subfield>
    <subfield code="z">Planning Commission function and responsibility, 1964</subfield>
  </datafield>
  <datafield tag="955" ind1=" " ind2=" ">
    <subfield code="b">BENT</subfield>
    <subfield code="p">39015071846682</subfield>
    <subfield code="z">R4 multiple family density study, 1965</subfield>
  </datafield>
  <datafield tag="955" ind1=" " ind2=" ">
    <subfield code="b">BENT</subfield>
    <subfield code="p">39015071846690</subfield>
    <subfield code="z">Master plan profile: City of Ann Arbor Michigan general development plan, a descriptive summary, 1965</subfield>
  </datafield>
  <datafield tag="955" ind1=" " ind2=" ">
    <subfield code="b">BENT</subfield>
    <subfield code="p">39015071846708</subfield>
    <subfield code="z">Land development regulations, amended (General development plan, Part III, Chater 2, Section 1-3), 1965</subfield>
  </datafield>
  <datafield tag="955" ind1=" " ind2=" ">
    <subfield code="b">BENT</subfield>
    <subfield code="p">39015071846716</subfield>
    <subfield code="z">Economic base report (General development plan), 1965</subfield>
  </datafield>
  <datafield tag="955" ind1=" " ind2=" ">
    <subfield code="b">BENT</subfield>
    <subfield code="p">39015071846724</subfield>
    <subfield code="z">R4 multiple family density study: revised copy, 1967</subfield>
  </datafield>
  <datafield tag="955" ind1=" " ind2=" ">
    <subfield code="b">BENT</subfield>
    <subfield code="p">39015071846732</subfield>
    <subfield code="z">Industrial survey: factors affecting location-relocation patterns of manufacturing-research firms in the Ann Arbor area: a working paper (General development plan), 1967</subfield>
  </datafield>
  <datafield tag="955" ind1=" " ind2=" ">
    <subfield code="b">BENT</subfield>
    <subfield code="p">39015071846740</subfield>
    <subfield code="z">Economic base: a working paper (General development plan), 1967</subfield>
  </datafield>
  <datafield tag="955" ind1=" " ind2=" ">
    <subfield code="b">BENT</subfield>
    <subfield code="p">39015071846757</subfield>
    <subfield code="z">Plymouth Road density potential study, 1966</subfield>
  </datafield>
  <datafield tag="955" ind1=" " ind2=" ">
    <subfield code="b">BENT</subfield>
    <subfield code="p">39015071846765</subfield>
    <subfield code="z">Planned unit development study (Preliminary), 1966</subfield>
  </datafield>
  <datafield tag="955" ind1=" " ind2=" ">
    <subfield code="b">BENT</subfield>
    <subfield code="p">39015071846773</subfield>
    <subfield code="z">Urban design for Ann Arbor (no date), 1968</subfield>
  </datafield>
  <datafield tag="955" ind1=" " ind2=" ">
    <subfield code="b">BENT</subfield>
    <subfield code="p">39015071846781</subfield>
    <subfield code="z">Urban design for Ann Arbor (a general development plan working paper, February 1968), 1968</subfield>
  </datafield>
  <datafield tag="955" ind1=" " ind2=" ">
    <subfield code="b">BENT</subfield>
    <subfield code="p">39015071846799</subfield>
    <subfield code="z">State St. mall evaluation (Preliminary), 1968</subfield>
  </datafield>
  <datafield tag="955" ind1=" " ind2=" ">
    <subfield code="b">BENT</subfield>
    <subfield code="p">39015071846807</subfield>
    <subfield code="z">Land development regulations supplement (General development plan, March 1970), 1970</subfield>
  </datafield>
  <datafield tag="955" ind1=" " ind2=" ">
    <subfield code="b">BENT</subfield>
    <subfield code="p">39015071846815</subfield>
    <subfield code="z">Design review, 1970</subfield>
  </datafield>
  <datafield tag="955" ind1=" " ind2=" ">
    <subfield code="b">BENT</subfield>
    <subfield code="p">39015071846823</subfield>
    <subfield code="z">Zoning chapter amendments: townhouse and multi-family zones, 1971</subfield>
  </datafield>
  <datafield tag="955" ind1=" " ind2=" ">
    <subfield code="b">BENT</subfield>
    <subfield code="p">39015071846831</subfield>
    <subfield code="z">R2B district study, 1971</subfield>
  </datafield>
  <datafield tag="955" ind1=" " ind2=" ">
    <subfield code="b">BENT</subfield>
    <subfield code="p">39015071846849</subfield>
    <subfield code="z">Guide for change, 1971</subfield>
  </datafield>
  <datafield tag="955" ind1=" " ind2=" ">
    <subfield code="b">BENT</subfield>
    <subfield code="p">39015071846856</subfield>
    <subfield code="z">Guide for change (summary), 1971</subfield>
  </datafield>
  <datafield tag="955" ind1=" " ind2=" ">
    <subfield code="b">BENT</subfield>
    <subfield code="p">39015071846864</subfield>
    <subfield code="z">Briarwood Shopping Center: a comprehensive report, 1971</subfield>
  </datafield>
  <datafield tag="955" ind1=" " ind2=" ">
    <subfield code="b">BENT</subfield>
    <subfield code="p">39015071846872</subfield>
    <subfield code="z">Land development manual (Part II and III, first draft), 1972</subfield>
  </datafield>
  <datafield tag="955" ind1=" " ind2=" ">
    <subfield code="b">BENT</subfield>
    <subfield code="p">39015071846880</subfield>
    <subfield code="z">General characteristics of population and housing, March 1972</subfield>
  </datafield>
  <datafield tag="955" ind1=" " ind2=" ">
    <subfield code="b">BENT</subfield>
    <subfield code="p">39015071846898</subfield>
    <subfield code="z">General characteristics of population and housing, December 1972</subfield>
  </datafield>
  <datafield tag="955" ind1=" " ind2=" ">
    <subfield code="b">BENT</subfield>
    <subfield code="p">39015071846906</subfield>
    <subfield code="z">Pittsfield Valley south area plan, 1973</subfield>
  </datafield>
  <datafield tag="955" ind1=" " ind2=" ">
    <subfield code="b">BENT</subfield>
    <subfield code="p">39015071846914</subfield>
    <subfield code="z">Land development manual (Part I and IV, first drafts, Part II, Chapters 1-5, revised), 1973</subfield>
  </datafield>
  <datafield tag="955" ind1=" " ind2=" ">
    <subfield code="b">BENT</subfield>
    <subfield code="p">39015071846922</subfield>
    <subfield code="z">General development plan for the city of Ann Arbor, July 1973</subfield>
  </datafield>
  <datafield tag="955" ind1=" " ind2=" ">
    <subfield code="b">BENT</subfield>
    <subfield code="p">39015071846930</subfield>
    <subfield code="z">General development plan for the city of Ann Arbor, June 1973</subfield>
  </datafield>
  <datafield tag="955" ind1=" " ind2=" ">
    <subfield code="b">BENT</subfield>
    <subfield code="p">39015071846948</subfield>
    <subfield code="z">Central area policy plan for the city of Ann Arbor, June 1973, as amended July 24, 1973</subfield>
  </datafield>
  <datafield tag="955" ind1=" " ind2=" ">
    <subfield code="b">BENT</subfield>
    <subfield code="p">39015071846955</subfield>
    <subfield code="z">Central area policy plan for the city of Ann Arbor, June 1973</subfield>
  </datafield>
  <datafield tag="955" ind1=" " ind2=" ">
    <subfield code="b">BENT</subfield>
    <subfield code="p">39015071846963</subfield>
    <subfield code="z">Central area inventory report for the city of Ann Arbor, 1974</subfield>
  </datafield>
  <datafield tag="955" ind1=" " ind2=" ">
    <subfield code="b">BENT</subfield>
    <subfield code="p">39015071846971</subfield>
    <subfield code="z">Ann Arbor City Planning Commission: Organization, duties, policies, procedures, by-laws, 1974</subfield>
  </datafield>
  <datafield tag="955" ind1=" " ind2=" ">
    <subfield code="b">BENT</subfield>
    <subfield code="p">39015071846989</subfield>
    <subfield code="z">Zoning chapter revision working papers, 1975</subfield>
  </datafield>
  <datafield tag="955" ind1=" " ind2=" ">
    <subfield code="b">BENT</subfield>
    <subfield code="p">39015071846997</subfield>
    <subfield code="z">Downtown concept plan (Draft 2, summary), 1975</subfield>
  </datafield>
  <datafield tag="955" ind1=" " ind2=" ">
    <subfield code="b">BENT</subfield>
    <subfield code="p">39015071847003</subfield>
    <subfield code="z">Downtown Ann Arbor: a development and conservation strategy, 1975</subfield>
  </datafield>
  <datafield tag="955" ind1=" " ind2=" ">
    <subfield code="b">BENT</subfield>
    <subfield code="p">39015071847011</subfield>
    <subfield code="z">Downtown Ann Arbor: a development and conservation strategy (Central area plan, Part 1) (Draft), 1975</subfield>
  </datafield>
  <datafield tag="955" ind1=" " ind2=" ">
    <subfield code="b">BENT</subfield>
    <subfield code="p">39015071847029</subfield>
    <subfield code="z">Ann Arbor Municipal Airport, Master Plan Phase I, 1975</subfield>
  </datafield>
  <datafield tag="955" ind1=" " ind2=" ">
    <subfield code="b">BENT</subfield>
    <subfield code="p">39015071847037</subfield>
    <subfield code="z">Land use (Central neighborhood plan working paper, 1), 1976</subfield>
  </datafield>
  <datafield tag="955" ind1=" " ind2=" ">
    <subfield code="b">BENT</subfield>
    <subfield code="p">39015071847045</subfield>
    <subfield code="z">Downtown zoning (Working paper, 6), 1976</subfield>
  </datafield>
  <datafield tag="955" ind1=" " ind2=" ">
    <subfield code="b">BENT</subfield>
    <subfield code="p">39015071847060</subfield>
    <subfield code="z">Compendium of south area plans and policies: core planning districts, 1976</subfield>
  </datafield>
  <datafield tag="955" ind1=" " ind2=" ">
    <subfield code="b">BENT</subfield>
    <subfield code="p">39015071847078</subfield>
    <subfield code="z">Commercial zoning (Working paper, 4), 1976</subfield>
  </datafield>
  <datafield tag="955" ind1=" " ind2=" ">
    <subfield code="b">BENT</subfield>
    <subfield code="p">39015071847086</subfield>
    <subfield code="z">Circulation plan elements (Circulation plan, Section 3) (Draft 1 of parts 5 and 6: pedestrian ways and rails), 1976</subfield>
  </datafield>
  <datafield tag="955" ind1=" " ind2=" ">
    <subfield code="b">BENT</subfield>
    <subfield code="p">39015071847094</subfield>
    <subfield code="z">Circulation plan elements (Circulation plan, Section 3) (Draft 1 of part 4: bicycle pathways), 1976</subfield>
  </datafield>
  <datafield tag="955" ind1=" " ind2=" ">
    <subfield code="b">BENT</subfield>
    <subfield code="p">39015071847102</subfield>
    <subfield code="z">Circulation plan elements (Circulation plan, Section 3) (Draft 1 of part 3: parking), 1976</subfield>
  </datafield>
  <datafield tag="955" ind1=" " ind2=" ">
    <subfield code="b">BENT</subfield>
    <subfield code="p">39015071847110</subfield>
    <subfield code="z">Circulation plan elements (Circulation plan, Section 3) (Draft 1 of part 2: transit), 1976</subfield>
  </datafield>
  <datafield tag="955" ind1=" " ind2=" ">
    <subfield code="b">BENT</subfield>
    <subfield code="p">39015071847128</subfield>
    <subfield code="z">Circulation plan elements (Circulation plan, Section 3) (Draft 1 of part 1: roads), 1976</subfield>
  </datafield>
  <datafield tag="955" ind1=" " ind2=" ">
    <subfield code="b">BENT</subfield>
    <subfield code="p">39015071847136</subfield>
    <subfield code="z">Neighborhood livability and streets (Central neighborhood plan working paper, 3), 1977</subfield>
  </datafield>
  <datafield tag="955" ind1=" " ind2=" ">
    <subfield code="b">BENT</subfield>
    <subfield code="p">39015071847144</subfield>
    <subfield code="z">Housing (Central neighborhood plan working paper, 2), 1977</subfield>
  </datafield>
  <datafield tag="955" ind1=" " ind2=" ">
    <subfield code="b">BENT</subfield>
    <subfield code="p">39015071847151</subfield>
    <subfield code="z">Downtown Ann Arbor: a conservation and development strategy, 1977</subfield>
  </datafield>
  <datafield tag="955" ind1=" " ind2=" ">
    <subfield code="b">BENT</subfield>
    <subfield code="p">39015071847169</subfield>
    <subfield code="z">The downtown and close-in neighborhoods: that uneasy feeling (Central neighborhood plan working paper, 4), 1977</subfield>
  </datafield>
  <datafield tag="955" ind1=" " ind2=" ">
    <subfield code="b">BENT</subfield>
    <subfield code="p">39015071847177</subfield>
    <subfield code="z">Circulation problem solving process (5th draft), 1977</subfield>
  </datafield>
  <datafield tag="955" ind1=" " ind2=" ">
    <subfield code="b">BENT</subfield>
    <subfield code="p">39015071847185</subfield>
    <subfield code="z">Plan for solving circulation problems, 1977</subfield>
  </datafield>
  <datafield tag="955" ind1=" " ind2=" ">
    <subfield code="b">BENT</subfield>
    <subfield code="p">39015071847193</subfield>
    <subfield code="z">Proposed 1990 circulation plan (4th draft), map errata sheet and appendices, 1977</subfield>
  </datafield>
  <datafield tag="955" ind1=" " ind2=" ">
    <subfield code="b">BENT</subfield>
    <subfield code="p">39015071847201</subfield>
    <subfield code="z">Proposed 1990 circulation plan (4th draft), 1977</subfield>
  </datafield>
  <datafield tag="955" ind1=" " ind2=" ">
    <subfield code="b">BENT</subfield>
    <subfield code="p">39015071847219</subfield>
    <subfield code="z">Vacant land inventory, 1978</subfield>
  </datafield>
  <datafield tag="955" ind1=" " ind2=" ">
    <subfield code="b">BENT</subfield>
    <subfield code="p">39015071847227</subfield>
    <subfield code="z">Proposed parks and open space plan, 1978</subfield>
  </datafield>
  <datafield tag="955" ind1=" " ind2=" ">
    <subfield code="b">BENT</subfield>
    <subfield code="p">39015071847235</subfield>
    <subfield code="z">Analysis of planning options and recommendations: a study of transitional and vacant land areas in Ann Arbor, 1980</subfield>
  </datafield>
  <datafield tag="955" ind1=" " ind2=" ">
    <subfield code="b">BENT</subfield>
    <subfield code="p">39015071847243</subfield>
    <subfield code="z">Planning options for Ann Arbor: a preliminary paper on land use options for transitional and vacant land areas, 1980</subfield>
  </datafield>
  <datafield tag="955" ind1=" " ind2=" ">
    <subfield code="b">BENT</subfield>
    <subfield code="p">39015071847250</subfield>
    <subfield code="z">Ann Arbor's housing supply and household characteristics, 1980</subfield>
  </datafield>
  <datafield tag="955" ind1=" " ind2=" ">
    <subfield code="b">BENT</subfield>
    <subfield code="p">39015071847268</subfield>
    <subfield code="z">Ann Arbor household survey, supplemental tables (Preliminary), 1980</subfield>
  </datafield>
  <datafield tag="955" ind1=" " ind2=" ">
    <subfield code="b">BENT</subfield>
    <subfield code="p">39015071847276</subfield>
    <subfield code="z">Ann Arbor community natural features inventory, 1981</subfield>
  </datafield>
  <datafield tag="955" ind1=" " ind2=" ">
    <subfield code="b">BENT</subfield>
    <subfield code="p">39015071847284</subfield>
    <subfield code="z">Plan for transitional and vacant land areas, 1981</subfield>
  </datafield>
  <datafield tag="955" ind1=" " ind2=" ">
    <subfield code="b">BENT</subfield>
    <subfield code="p">39015071847292</subfield>
    <subfield code="z">Ann Arbor's park, recreation and open space plan, Preliminary draft, June 1981</subfield>
  </datafield>
  <datafield tag="955" ind1=" " ind2=" ">
    <subfield code="b">BENT</subfield>
    <subfield code="p">39015071847300</subfield>
    <subfield code="z">Zoning chapter revisions (Draft), 1981</subfield>
  </datafield>
  <datafield tag="955" ind1=" " ind2=" ">
    <subfield code="b">BENT</subfield>
    <subfield code="p">39015071847318</subfield>
    <subfield code="z">Ann Arbor's park, recreation and open space plan, Final draft, June 1981</subfield>
  </datafield>
  <datafield tag="955" ind1=" " ind2=" ">
    <subfield code="b">BENT</subfield>
    <subfield code="p">39015071847326</subfield>
    <subfield code="z">A guide for change: policies for public and private action, Second draft, 1969</subfield>
  </datafield>
  <datafield tag="955" ind1=" " ind2=" ">
    <subfield code="b">BENT</subfield>
    <subfield code="p">39015071847334</subfield>
    <subfield code="z">The Ann Arbor growth study, 1972</subfield>
  </datafield>
  <datafield tag="955" ind1=" " ind2=" ">
    <subfield code="b">BENT</subfield>
    <subfield code="p">39015071847342</subfield>
    <subfield code="z">A guide for change: policies for public and private action, Preliminary: for citizen review and discussion, 1969</subfield>
  </datafield>
  <datafield tag="955" ind1=" " ind2=" ">
    <subfield code="b">BENT</subfield>
    <subfield code="p">39015071847359</subfield>
    <subfield code="z">Plan for parks and open space (General development plan, Part 2, chapter 2), 1965</subfield>
  </datafield>
  <datafield tag="955" ind1=" " ind2=" ">
    <subfield code="b">BENT</subfield>
    <subfield code="p">39015071847367</subfield>
    <subfield code="z">A guide to action: the Ann Arbor Central Area 1962</subfield>
  </datafield>
  <datafield tag="955" ind1=" " ind2=" ">
    <subfield code="b">BENT</subfield>
    <subfield code="p">39015071847375</subfield>
    <subfield code="z">Ann Arbor downtown data: establishment file, 1983</subfield>
  </datafield>
  <datafield tag="955" ind1=" " ind2=" ">
    <subfield code="b">BENT</subfield>
    <subfield code="p">39015071847383</subfield>
    <subfield code="z">Ann Arbor downtown data: block data, 1983</subfield>
  </datafield>
  <datafield tag="955" ind1=" " ind2=" ">
    <subfield code="b">BENT</subfield>
    <subfield code="p">39015071847391</subfield>
    <subfield code="z">The Ann Arbor corridor study: design guidelines for major roadways, Ann Arbor, Michigan (Summary report), 1983</subfield>
  </datafield>
  <datafield tag="955" ind1=" " ind2=" ">
    <subfield code="b">BENT</subfield>
    <subfield code="p">39015071847409</subfield>
    <subfield code="z">Ann Arbor's plan for parks, recreation and open space, 1988-1994 (Preliminary draft), 1987</subfield>
  </datafield>
  <datafield tag="955" ind1=" " ind2=" ">
    <subfield code="b">BENT</subfield>
    <subfield code="p">39015071847417</subfield>
    <subfield code="z">Ann Arbor downtown plan: final report summary, 1988</subfield>
  </datafield>
  <datafield tag="955" ind1=" " ind2=" ">
    <subfield code="b">BENT</subfield>
    <subfield code="p">39015071847425</subfield>
    <subfield code="z">Ann Arbor downtown plan: final draft summary, 1988</subfield>
  </datafield>
  <datafield tag="955" ind1=" " ind2=" ">
    <subfield code="b">BENT</subfield>
    <subfield code="p">39015071847433</subfield>
    <subfield code="z">Ann Arbor downtown plan: appendixes, 1988</subfield>
  </datafield>
  <datafield tag="955" ind1=" " ind2=" ">
    <subfield code="b">BENT</subfield>
    <subfield code="p">39015071847441</subfield>
    <subfield code="z">Ann Arbor downtown plan, 1988</subfield>
  </datafield>
  <datafield tag="955" ind1=" " ind2=" ">
    <subfield code="b">BENT</subfield>
    <subfield code="p">39015071847458</subfield>
    <subfield code="z">Northeast area plan for the city of Ann Arbor, 1989</subfield>
  </datafield>
  <datafield tag="955" ind1=" " ind2=" ">
    <subfield code="b">BENT</subfield>
    <subfield code="p">39015071847466</subfield>
    <subfield code="z">Ann Arbor transportation plan update, 1990</subfield>
  </datafield>
  <datafield tag="955" ind1=" " ind2=" ">
    <subfield code="b">BENT</subfield>
    <subfield code="p">39015071847474</subfield>
    <subfield code="z">Central area plan summary, 1992</subfield>
  </datafield>
  <datafield tag="955" ind1=" " ind2=" ">
    <subfield code="b">BENT</subfield>
    <subfield code="p">39015071847482</subfield>
    <subfield code="z">Central area plan, 1992</subfield>
  </datafield>
  <datafield tag="955" ind1=" " ind2=" ">
    <subfield code="b">BENT</subfield>
    <subfield code="p">39015071847490</subfield>
    <subfield code="z">Informational booklet, proposed north central urban renewal project, Ann Arbor, Michigan, Date unknown</subfield>
  </datafield>
  <datafield tag="955" ind1=" " ind2=" ">
    <subfield code="b">BENT</subfield>
    <subfield code="p">B1062068</subfield>
  </datafield>
  <controlfield tag="001">002746961</controlfield>
  <controlfield tag="005">20150522163140.0</controlfield>
  <controlfield tag="008">940609m196119uumiu^^^^^^^^^^l000^0^eng^d</controlfield>
  <datafield tag="035" ind1=" " ind2=" ">
    <subfield code="a">(RLIN)MIUV91-B463</subfield>
  </datafield>
  <datafield tag="035" ind1=" " ind2=" ">
    <subfield code="a">(OCoLC)702899210</subfield>
  </datafield>
  <datafield tag="040" ind1=" " ind2=" ">
    <subfield code="a">MiU-H</subfield>
    <subfield code="c">MiU-H</subfield>
  </datafield>
  <datafield tag="110" ind1="1" ind2=" ">
    <subfield code="a">Ann Arbor (Mich.).</subfield>
    <subfield code="b">Planning Commission.</subfield>
  </datafield>
  <datafield tag="245" ind1="1" ind2="0">
    <subfield code="a">[Ann Arbor Planning Commission publications].</subfield>
  </datafield>
  <datafield tag="260" ind1=" " ind2=" ">
    <subfield code="a">Ann Arbor, Mich. :</subfield>
    <subfield code="b">The Commission,</subfield>
    <subfield code="c">1961-19--</subfield>
  </datafield>
  <datafield tag="300" ind1=" " ind2=" ">
    <subfield code="a">5 linear ft.</subfield>
  </datafield>
  <datafield tag="555" ind1="0" ind2=" ">
    <subfield code="a">Finding aid in the library.</subfield>
  </datafield>
  <datafield tag="555" ind1="0" ind2=" ">
    <subfield code="a">Finding aid via World Wide Web at URL: http://quod.lib.umich.edu/cgi/f/findaid/findaid-idx?c=bhlead&amp;idno=umich-bhl-4150</subfield>
  </datafield>
  <datafield tag="500" ind1=" " ind2=" ">
    <subfield code="a">Also includes publications of the related office Ann Arbor City Planning Dept.</subfield>
  </datafield>
  <datafield tag="651" ind1=" " ind2="0">
    <subfield code="a">Ann Arbor (Mich.)</subfield>
    <subfield code="x">Economic conditions.</subfield>
  </datafield>
  <datafield tag="651" ind1=" " ind2="0">
    <subfield code="a">Ann Arbor (Mich.)</subfield>
    <subfield code="x">Population.</subfield>
  </datafield>
  <datafield tag="651" ind1=" " ind2="0">
    <subfield code="a">Ann Arbor (Mich.)</subfield>
    <subfield code="v">Statistics.</subfield>
  </datafield>
  <datafield tag="610" ind1="1" ind2="0">
    <subfield code="a">Ann Arbor (Mich.).</subfield>
    <subfield code="b">Planning Commission.</subfield>
  </datafield>
  <datafield tag="610" ind1="1" ind2="0">
    <subfield code="a">Ann Arbor (Mich.).</subfield>
    <subfield code="b">City Planning Department.</subfield>
  </datafield>
  <datafield tag="650" ind1=" " ind2="0">
    <subfield code="a">City planning</subfield>
    <subfield code="z">Michigan</subfield>
    <subfield code="z">Ann Arbor.</subfield>
  </datafield>
  <datafield tag="650" ind1=" " ind2="0">
    <subfield code="a">Housing</subfield>
    <subfield code="z">Michigan</subfield>
    <subfield code="z">Ann Arbor.</subfield>
  </datafield>
  <datafield tag="650" ind1=" " ind2="0">
    <subfield code="a">Parks</subfield>
    <subfield code="z">Michigan</subfield>
    <subfield code="z">Ann Arbor.</subfield>
  </datafield>
  <datafield tag="650" ind1=" " ind2="0">
    <subfield code="a">Recreation</subfield>
    <subfield code="z">Michigan</subfield>
    <subfield code="z">Ann Arbor.</subfield>
  </datafield>
  <datafield tag="710" ind1="1" ind2=" ">
    <subfield code="a">Ann Arbor (Mich.).</subfield>
    <subfield code="b">City Planning Department.</subfield>
  </datafield>
  <datafield tag="856" ind1="4" ind2="2">
    <subfield code="3">Finding aid:</subfield>
    <subfield code="u">http://quod.lib.umich.edu/cgi/f/findaid/findaid-idx?c=bhlead&amp;idno=umich-bhl-4150</subfield>
  </datafield>
  <datafield tag="852" ind1="8" ind2=" ">
    <subfield code="a">MiU-H</subfield>
    <subfield code="b">BENT</subfield>
    <subfield code="h">4150 Aa 2 Box 1</subfield>
  </datafield>
  <datafield tag="852" ind1="8" ind2=" ">
    <subfield code="a">MiU-H</subfield>
    <subfield code="b">BENT</subfield>
    <subfield code="h">4150 Aa 2 Box 4</subfield>
  </datafield>
  <datafield tag="852" ind1="8" ind2=" ">
    <subfield code="a">MiU-H</subfield>
    <subfield code="b">BENT</subfield>
    <subfield code="h">4150 Aa 2 Box 3</subfield>
  </datafield>
  <datafield tag="852" ind1="8" ind2=" ">
    <subfield code="a">MiU-H</subfield>
    <subfield code="b">BENT</subfield>
    <subfield code="h">4150 Aa 2 Box 2</subfield>
  </datafield>
  <datafield tag="852" ind1="8" ind2=" ">
    <subfield code="a">MiU-H</subfield>
    <subfield code="b">BENT</subfield>
    <subfield code="h">4150 Aa 2 Box 5</subfield>
  </datafield>
  <datafield tag="997" ind1=" " ind2=" ">
    <subfield code="a">MARS</subfield>
  </datafield>
  <datafield tag="998" ind1=" " ind2=" ">
    <subfield code="c">LAC</subfield>
    <subfield code="s">9114</subfield>
  </datafield>
  <datafield tag="955" ind1=" " ind2=" ">
    <subfield code="b">BENT</subfield>
    <subfield code="p">39015071662709</subfield>
    <subfield code="z">Capital improvements budget and program, 1997/2003</subfield>
  </datafield>
  <datafield tag="955" ind1=" " ind2=" ">
    <subfield code="b">BENT</subfield>
    <subfield code="p">39015071846245</subfield>
    <subfield code="z">Annual report, 1965/1966</subfield>
  </datafield>
  <datafield tag="955" ind1=" " ind2=" ">
    <subfield code="b">BENT</subfield>
    <subfield code="p">39015071846252</subfield>
    <subfield code="z">Annual report, 1977</subfield>
  </datafield>
  <datafield tag="955" ind1=" " ind2=" ">
    <subfield code="b">BENT</subfield>
    <subfield code="p">39015071846260</subfield>
    <subfield code="z">Annual report, 1976</subfield>
  </datafield>
  <datafield tag="955" ind1=" " ind2=" ">
    <subfield code="b">BENT</subfield>
    <subfield code="p">39015071846278</subfield>
    <subfield code="z">Annual report, 1975</subfield>
  </datafield>
  <datafield tag="955" ind1=" " ind2=" ">
    <subfield code="b">BENT</subfield>
    <subfield code="p">39015071846286</subfield>
    <subfield code="z">Capital improvements budget and program, 1960/1965</subfield>
  </datafield>
  <datafield tag="955" ind1=" " ind2=" ">
    <subfield code="b">BENT</subfield>
    <subfield code="p">39015071846294</subfield>
    <subfield code="z">Capital improvements budget and program, 1961/1966</subfield>
  </datafield>
  <datafield tag="955" ind1=" " ind2=" ">
    <subfield code="b">BENT</subfield>
    <subfield code="p">39015071846302</subfield>
    <subfield code="z">Capital improvements budget and program, 1964/1970</subfield>
  </datafield>
  <datafield tag="955" ind1=" " ind2=" ">
    <subfield code="b">BENT</subfield>
    <subfield code="p">39015071846310</subfield>
    <subfield code="z">Capital improvements budget and program, 1965/1971 (General development plan)</subfield>
  </datafield>
  <datafield tag="955" ind1=" " ind2=" ">
    <subfield code="b">BENT</subfield>
    <subfield code="p">39015071846328</subfield>
    <subfield code="z">Capital improvements budget and program, 1966/1972</subfield>
  </datafield>
  <datafield tag="955" ind1=" " ind2=" ">
    <subfield code="b">BENT</subfield>
    <subfield code="p">39015071846336</subfield>
    <subfield code="z">Capital improvements budget and program, 1967/1973</subfield>
  </datafield>
  <datafield tag="955" ind1=" " ind2=" ">
    <subfield code="b">BENT</subfield>
    <subfield code="p">39015071846344</subfield>
    <subfield code="z">Capital improvements budget and program, 1968/1974</subfield>
  </datafield>
  <datafield tag="955" ind1=" " ind2=" ">
    <subfield code="b">BENT</subfield>
    <subfield code="p">39015071846351</subfield>
    <subfield code="z">Capital improvements budget and program, 1969/1975</subfield>
  </datafield>
  <datafield tag="955" ind1=" " ind2=" ">
    <subfield code="b">BENT</subfield>
    <subfield code="p">39015071846369</subfield>
    <subfield code="z">Capital improvements budget and program, 1970/1976</subfield>
  </datafield>
  <datafield tag="955" ind1=" " ind2=" ">
    <subfield code="b">BENT</subfield>
    <subfield code="p">39015071846377</subfield>
    <subfield code="z">Capital improvements budget and program, 1971/1977 (draft)</subfield>
  </datafield>
  <datafield tag="955" ind1=" " ind2=" ">
    <subfield code="b">BENT</subfield>
    <subfield code="p">39015071846385</subfield>
    <subfield code="z">Capital improvements budget and program, 1972/1977</subfield>
  </datafield>
  <datafield tag="955" ind1=" " ind2=" ">
    <subfield code="b">BENT</subfield>
    <subfield code="p">39015071846393</subfield>
    <subfield code="z">Capital improvements budget and program, 1975/1980 (draft, October, 1974)</subfield>
  </datafield>
  <datafield tag="955" ind1=" " ind2=" ">
    <subfield code="b">BENT</subfield>
    <subfield code="p">39015071846401</subfield>
    <subfield code="z">Capital improvements budget and program, 1975/1980 (draft, November, 1974)</subfield>
  </datafield>
  <datafield tag="955" ind1=" " ind2=" ">
    <subfield code="b">BENT</subfield>
    <subfield code="p">39015071846419</subfield>
    <subfield code="z">Capital improvements budget and program, 1976/1981 (draft, October, 1975)</subfield>
  </datafield>
  <datafield tag="955" ind1=" " ind2=" ">
    <subfield code="b">BENT</subfield>
    <subfield code="p">39015071846427</subfield>
    <subfield code="z">Capital improvements budget and program, 1976/1981</subfield>
  </datafield>
  <datafield tag="955" ind1=" " ind2=" ">
    <subfield code="b">BENT</subfield>
    <subfield code="p">39015071846435</subfield>
    <subfield code="z">Capital improvements budget and program, 1977/1982 (draft, November, 1976)</subfield>
  </datafield>
  <datafield tag="955" ind1=" " ind2=" ">
    <subfield code="b">BENT</subfield>
    <subfield code="p">39015071846443</subfield>
    <subfield code="z">Capital improvements budget and program, 1977/1982 (draft, October, 1976)</subfield>
  </datafield>
  <datafield tag="955" ind1=" " ind2=" ">
    <subfield code="b">BENT</subfield>
    <subfield code="p">39015071846450</subfield>
    <subfield code="z">Capital improvements budget and program, 1977/1982</subfield>
  </datafield>
  <datafield tag="955" ind1=" " ind2=" ">
    <subfield code="b">BENT</subfield>
    <subfield code="p">39015071846468</subfield>
    <subfield code="z">Capital improvements budget and program, 1978/1983 (draft, October, 1977)</subfield>
  </datafield>
  <datafield tag="955" ind1=" " ind2=" ">
    <subfield code="b">BENT</subfield>
    <subfield code="p">39015071846476</subfield>
    <subfield code="z">Capital improvements budget and program, 1978/1983 (draft, December, 1977)</subfield>
  </datafield>
  <datafield tag="955" ind1=" " ind2=" ">
    <subfield code="b">BENT</subfield>
    <subfield code="p">39015071846484</subfield>
    <subfield code="z">Capital improvements budget and program, 1978/1983</subfield>
  </datafield>
  <datafield tag="955" ind1=" " ind2=" ">
    <subfield code="b">BENT</subfield>
    <subfield code="p">39015071846492</subfield>
    <subfield code="z">Capital improvements budget and program, 1980/1985</subfield>
  </datafield>
  <datafield tag="955" ind1=" " ind2=" ">
    <subfield code="b">BENT</subfield>
    <subfield code="p">39015071846500</subfield>
    <subfield code="z">Capital improvements budget and program, 1983/1988</subfield>
  </datafield>
  <datafield tag="955" ind1=" " ind2=" ">
    <subfield code="b">BENT</subfield>
    <subfield code="p">39015071846518</subfield>
    <subfield code="z">Capital improvements budget and program, 1986/1991</subfield>
  </datafield>
  <datafield tag="955" ind1=" " ind2=" ">
    <subfield code="b">BENT</subfield>
    <subfield code="p">39015071846526</subfield>
    <subfield code="z">Capital improvements budget and program, 1987/1992</subfield>
  </datafield>
  <datafield tag="955" ind1=" " ind2=" ">
    <subfield code="b">BENT</subfield>
    <subfield code="p">39015071846534</subfield>
    <subfield code="z">Capital improvements budget and program, 1990/1996</subfield>
  </datafield>
  <datafield tag="955" ind1=" " ind2=" ">
    <subfield code="b">BENT</subfield>
    <subfield code="p">39015071846542</subfield>
    <subfield code="z">Capital improvements budget and program, 1991/1997</subfield>
  </datafield>
  <datafield tag="955" ind1=" " ind2=" ">
    <subfield code="b">BENT</subfield>
    <subfield code="p">39015071846559</subfield>
    <subfield code="z">Minutes, 1957-1958</subfield>
  </datafield>
  <datafield tag="955" ind1=" " ind2=" ">
    <subfield code="b">BENT</subfield>
    <subfield code="p">39015071846567</subfield>
    <subfield code="z">Planning information brochure, 1956</subfield>
  </datafield>
  <datafield tag="955" ind1=" " ind2=" ">
    <subfield code="b">BENT</subfield>
    <subfield code="p">39015071846575</subfield>
    <subfield code="z">Chapter 55 ? Zoning (proposed zoning chapter), 1960</subfield>
  </datafield>
  <datafield tag="955" ind1=" " ind2=" ">
    <subfield code="b">BENT</subfield>
    <subfield code="p">39015071846583</subfield>
    <subfield code="z">Population and housing: a report on population and housing based on the 1960 federal decennial census. 1961</subfield>
  </datafield>
  <datafield tag="955" ind1=" " ind2=" ">
    <subfield code="b">BENT</subfield>
    <subfield code="p">39015071846591</subfield>
    <subfield code="z">Annual report, 1964/1965</subfield>
  </datafield>
  <datafield tag="955" ind1=" " ind2=" ">
    <subfield code="b">BENT</subfield>
    <subfield code="p">39015071846609</subfield>
    <subfield code="z">Annual report, 1962/1963</subfield>
  </datafield>
  <datafield tag="955" ind1=" " ind2=" ">
    <subfield code="b">BENT</subfield>
    <subfield code="p">39015071846617</subfield>
    <subfield code="z">Capital improvements budget and program, 1975/1980</subfield>
  </datafield>
  <datafield tag="955" ind1=" " ind2=" ">
    <subfield code="b">BENT</subfield>
    <subfield code="p">39015071846625</subfield>
    <subfield code="z">West Jackson, Liberty-Stadium-Virginia Park area study (General development plan), 1963</subfield>
  </datafield>
  <datafield tag="955" ind1=" " ind2=" ">
    <subfield code="b">BENT</subfield>
    <subfield code="p">39015071846633</subfield>
    <subfield code="z">Northeast area study (General development plan), 1963</subfield>
  </datafield>
  <datafield tag="955" ind1=" " ind2=" ">
    <subfield code="b">BENT</subfield>
    <subfield code="p">39015071846641</subfield>
    <subfield code="z">Ann Arbor Metropolitan Area traffic study: tabulations and trip tables, 1963</subfield>
  </datafield>
  <datafield tag="955" ind1=" " ind2=" ">
    <subfield code="b">BENT</subfield>
    <subfield code="p">39015071846658</subfield>
    <subfield code="z">Report of commercial zoning and development in Ann Arbor, 1962</subfield>
  </datafield>
  <datafield tag="955" ind1=" " ind2=" ">
    <subfield code="b">BENT</subfield>
    <subfield code="p">39015071846666</subfield>
    <subfield code="z">Land development regulations (General development plan, Part 3, chapter 2, section 1-3), 1962</subfield>
  </datafield>
  <datafield tag="955" ind1=" " ind2=" ">
    <subfield code="b">BENT</subfield>
    <subfield code="p">39015071846674</subfield>
    <subfield code="z">Planning Commission function and responsibility, 1964</subfield>
  </datafield>
  <datafield tag="955" ind1=" " ind2=" ">
    <subfield code="b">BENT</subfield>
    <subfield code="p">39015071846682</subfield>
    <subfield code="z">R4 multiple family density study, 1965</subfield>
  </datafield>
  <datafield tag="955" ind1=" " ind2=" ">
    <subfield code="b">BENT</subfield>
    <subfield code="p">39015071846690</subfield>
    <subfield code="z">Master plan profile: City of Ann Arbor Michigan general development plan, a descriptive summary, 1965</subfield>
  </datafield>
  <datafield tag="955" ind1=" " ind2=" ">
    <subfield code="b">BENT</subfield>
    <subfield code="p">39015071846708</subfield>
    <subfield code="z">Land development regulations, amended (General development plan, Part III, Chater 2, Section 1-3), 1965</subfield>
  </datafield>
  <datafield tag="955" ind1=" " ind2=" ">
    <subfield code="b">BENT</subfield>
    <subfield code="p">39015071846716</subfield>
    <subfield code="z">Economic base report (General development plan), 1965</subfield>
  </datafield>
  <datafield tag="955" ind1=" " ind2=" ">
    <subfield code="b">BENT</subfield>
    <subfield code="p">39015071846724</subfield>
    <subfield code="z">R4 multiple family density study: revised copy, 1967</subfield>
  </datafield>
  <datafield tag="955" ind1=" " ind2=" ">
    <subfield code="b">BENT</subfield>
    <subfield code="p">39015071846732</subfield>
    <subfield code="z">Industrial survey: factors affecting location-relocation patterns of manufacturing-research firms in the Ann Arbor area: a working paper (General development plan), 1967</subfield>
  </datafield>
  <datafield tag="955" ind1=" " ind2=" ">
    <subfield code="b">BENT</subfield>
    <subfield code="p">39015071846740</subfield>
    <subfield code="z">Economic base: a working paper (General development plan), 1967</subfield>
  </datafield>
  <datafield tag="955" ind1=" " ind2=" ">
    <subfield code="b">BENT</subfield>
    <subfield code="p">39015071846757</subfield>
    <subfield code="z">Plymouth Road density potential study, 1966</subfield>
  </datafield>
  <datafield tag="955" ind1=" " ind2=" ">
    <subfield code="b">BENT</subfield>
    <subfield code="p">39015071846765</subfield>
    <subfield code="z">Planned unit development study (Preliminary), 1966</subfield>
  </datafield>
  <datafield tag="955" ind1=" " ind2=" ">
    <subfield code="b">BENT</subfield>
    <subfield code="p">39015071846773</subfield>
    <subfield code="z">Urban design for Ann Arbor (no date), 1968</subfield>
  </datafield>
  <datafield tag="955" ind1=" " ind2=" ">
    <subfield code="b">BENT</subfield>
    <subfield code="p">39015071846781</subfield>
    <subfield code="z">Urban design for Ann Arbor (a general development plan working paper, February 1968), 1968</subfield>
  </datafield>
  <datafield tag="955" ind1=" " ind2=" ">
    <subfield code="b">BENT</subfield>
    <subfield code="p">39015071846799</subfield>
    <subfield code="z">State St. mall evaluation (Preliminary), 1968</subfield>
  </datafield>
  <datafield tag="955" ind1=" " ind2=" ">
    <subfield code="b">BENT</subfield>
    <subfield code="p">39015071846807</subfield>
    <subfield code="z">Land development regulations supplement (General development plan, March 1970), 1970</subfield>
  </datafield>
  <datafield tag="955" ind1=" " ind2=" ">
    <subfield code="b">BENT</subfield>
    <subfield code="p">39015071846815</subfield>
    <subfield code="z">Design review, 1970</subfield>
  </datafield>
  <datafield tag="955" ind1=" " ind2=" ">
    <subfield code="b">BENT</subfield>
    <subfield code="p">39015071846823</subfield>
    <subfield code="z">Zoning chapter amendments: townhouse and multi-family zones, 1971</subfield>
  </datafield>
  <datafield tag="955" ind1=" " ind2=" ">
    <subfield code="b">BENT</subfield>
    <subfield code="p">39015071846831</subfield>
    <subfield code="z">R2B district study, 1971</subfield>
  </datafield>
  <datafield tag="955" ind1=" " ind2=" ">
    <subfield code="b">BENT</subfield>
    <subfield code="p">39015071846849</subfield>
    <subfield code="z">Guide for change, 1971</subfield>
  </datafield>
  <datafield tag="955" ind1=" " ind2=" ">
    <subfield code="b">BENT</subfield>
    <subfield code="p">39015071846856</subfield>
    <subfield code="z">Guide for change (summary), 1971</subfield>
  </datafield>
  <datafield tag="955" ind1=" " ind2=" ">
    <subfield code="b">BENT</subfield>
    <subfield code="p">39015071846864</subfield>
    <subfield code="z">Briarwood Shopping Center: a comprehensive report, 1971</subfield>
  </datafield>
  <datafield tag="955" ind1=" " ind2=" ">
    <subfield code="b">BENT</subfield>
    <subfield code="p">39015071846872</subfield>
    <subfield code="z">Land development manual (Part II and III, first draft), 1972</subfield>
  </datafield>
  <datafield tag="955" ind1=" " ind2=" ">
    <subfield code="b">BENT</subfield>
    <subfield code="p">39015071846880</subfield>
    <subfield code="z">General characteristics of population and housing, March 1972</subfield>
  </datafield>
  <datafield tag="955" ind1=" " ind2=" ">
    <subfield code="b">BENT</subfield>
    <subfield code="p">39015071846898</subfield>
    <subfield code="z">General characteristics of population and housing, December 1972</subfield>
  </datafield>
  <datafield tag="955" ind1=" " ind2=" ">
    <subfield code="b">BENT</subfield>
    <subfield code="p">39015071846906</subfield>
    <subfield code="z">Pittsfield Valley south area plan, 1973</subfield>
  </datafield>
  <datafield tag="955" ind1=" " ind2=" ">
    <subfield code="b">BENT</subfield>
    <subfield code="p">39015071846914</subfield>
    <subfield code="z">Land development manual (Part I and IV, first drafts, Part II, Chapters 1-5, revised), 1973</subfield>
  </datafield>
  <datafield tag="955" ind1=" " ind2=" ">
    <subfield code="b">BENT</subfield>
    <subfield code="p">39015071846922</subfield>
    <subfield code="z">General development plan for the city of Ann Arbor, July 1973</subfield>
  </datafield>
  <datafield tag="955" ind1=" " ind2=" ">
    <subfield code="b">BENT</subfield>
    <subfield code="p">39015071846930</subfield>
    <subfield code="z">General development plan for the city of Ann Arbor, June 1973</subfield>
  </datafield>
  <datafield tag="955" ind1=" " ind2=" ">
    <subfield code="b">BENT</subfield>
    <subfield code="p">39015071846948</subfield>
    <subfield code="z">Central area policy plan for the city of Ann Arbor, June 1973, as amended July 24, 1973</subfield>
  </datafield>
  <datafield tag="955" ind1=" " ind2=" ">
    <subfield code="b">BENT</subfield>
    <subfield code="p">39015071846955</subfield>
    <subfield code="z">Central area policy plan for the city of Ann Arbor, June 1973</subfield>
  </datafield>
  <datafield tag="955" ind1=" " ind2=" ">
    <subfield code="b">BENT</subfield>
    <subfield code="p">39015071846963</subfield>
    <subfield code="z">Central area inventory report for the city of Ann Arbor, 1974</subfield>
  </datafield>
  <datafield tag="955" ind1=" " ind2=" ">
    <subfield code="b">BENT</subfield>
    <subfield code="p">39015071846971</subfield>
    <subfield code="z">Ann Arbor City Planning Commission: Organization, duties, policies, procedures, by-laws, 1974</subfield>
  </datafield>
  <datafield tag="955" ind1=" " ind2=" ">
    <subfield code="b">BENT</subfield>
    <subfield code="p">39015071846989</subfield>
    <subfield code="z">Zoning chapter revision working papers, 1975</subfield>
  </datafield>
  <datafield tag="955" ind1=" " ind2=" ">
    <subfield code="b">BENT</subfield>
    <subfield code="p">39015071846997</subfield>
    <subfield code="z">Downtown concept plan (Draft 2, summary), 1975</subfield>
  </datafield>
  <datafield tag="955" ind1=" " ind2=" ">
    <subfield code="b">BENT</subfield>
    <subfield code="p">39015071847003</subfield>
    <subfield code="z">Downtown Ann Arbor: a development and conservation strategy, 1975</subfield>
  </datafield>
  <datafield tag="955" ind1=" " ind2=" ">
    <subfield code="b">BENT</subfield>
    <subfield code="p">39015071847011</subfield>
    <subfield code="z">Downtown Ann Arbor: a development and conservation strategy (Central area plan, Part 1) (Draft), 1975</subfield>
  </datafield>
  <datafield tag="955" ind1=" " ind2=" ">
    <subfield code="b">BENT</subfield>
    <subfield code="p">39015071847029</subfield>
    <subfield code="z">Ann Arbor Municipal Airport, Master Plan Phase I, 1975</subfield>
  </datafield>
  <datafield tag="955" ind1=" " ind2=" ">
    <subfield code="b">BENT</subfield>
    <subfield code="p">39015071847037</subfield>
    <subfield code="z">Land use (Central neighborhood plan working paper, 1), 1976</subfield>
  </datafield>
  <datafield tag="955" ind1=" " ind2=" ">
    <subfield code="b">BENT</subfield>
    <subfield code="p">39015071847045</subfield>
    <subfield code="z">Downtown zoning (Working paper, 6), 1976</subfield>
  </datafield>
  <datafield tag="955" ind1=" " ind2=" ">
    <subfield code="b">BENT</subfield>
    <subfield code="p">39015071847060</subfield>
    <subfield code="z">Compendium of south area plans and policies: core planning districts, 1976</subfield>
  </datafield>
  <datafield tag="955" ind1=" " ind2=" ">
    <subfield code="b">BENT</subfield>
    <subfield code="p">39015071847078</subfield>
    <subfield code="z">Commercial zoning (Working paper, 4), 1976</subfield>
  </datafield>
  <datafield tag="955" ind1=" " ind2=" ">
    <subfield code="b">BENT</subfield>
    <subfield code="p">39015071847086</subfield>
    <subfield code="z">Circulation plan elements (Circulation plan, Section 3) (Draft 1 of parts 5 and 6: pedestrian ways and rails), 1976</subfield>
  </datafield>
  <datafield tag="955" ind1=" " ind2=" ">
    <subfield code="b">BENT</subfield>
    <subfield code="p">39015071847094</subfield>
    <subfield code="z">Circulation plan elements (Circulation plan, Section 3) (Draft 1 of part 4: bicycle pathways), 1976</subfield>
  </datafield>
  <datafield tag="955" ind1=" " ind2=" ">
    <subfield code="b">BENT</subfield>
    <subfield code="p">39015071847102</subfield>
    <subfield code="z">Circulation plan elements (Circulation plan, Section 3) (Draft 1 of part 3: parking), 1976</subfield>
  </datafield>
  <datafield tag="955" ind1=" " ind2=" ">
    <subfield code="b">BENT</subfield>
    <subfield code="p">39015071847110</subfield>
    <subfield code="z">Circulation plan elements (Circulation plan, Section 3) (Draft 1 of part 2: transit), 1976</subfield>
  </datafield>
  <datafield tag="955" ind1=" " ind2=" ">
    <subfield code="b">BENT</subfield>
    <subfield code="p">39015071847128</subfield>
    <subfield code="z">Circulation plan elements (Circulation plan, Section 3) (Draft 1 of part 1: roads), 1976</subfield>
  </datafield>
  <datafield tag="955" ind1=" " ind2=" ">
    <subfield code="b">BENT</subfield>
    <subfield code="p">39015071847136</subfield>
    <subfield code="z">Neighborhood livability and streets (Central neighborhood plan working paper, 3), 1977</subfield>
  </datafield>
  <datafield tag="955" ind1=" " ind2=" ">
    <subfield code="b">BENT</subfield>
    <subfield code="p">39015071847144</subfield>
    <subfield code="z">Housing (Central neighborhood plan working paper, 2), 1977</subfield>
  </datafield>
  <datafield tag="955" ind1=" " ind2=" ">
    <subfield code="b">BENT</subfield>
    <subfield code="p">39015071847151</subfield>
    <subfield code="z">Downtown Ann Arbor: a conservation and development strategy, 1977</subfield>
  </datafield>
  <datafield tag="955" ind1=" " ind2=" ">
    <subfield code="b">BENT</subfield>
    <subfield code="p">39015071847169</subfield>
    <subfield code="z">The downtown and close-in neighborhoods: that uneasy feeling (Central neighborhood plan working paper, 4), 1977</subfield>
  </datafield>
  <datafield tag="955" ind1=" " ind2=" ">
    <subfield code="b">BENT</subfield>
    <subfield code="p">39015071847177</subfield>
    <subfield code="z">Circulation problem solving process (5th draft), 1977</subfield>
  </datafield>
  <datafield tag="955" ind1=" " ind2=" ">
    <subfield code="b">BENT</subfield>
    <subfield code="p">39015071847185</subfield>
    <subfield code="z">Plan for solving circulation problems, 1977</subfield>
  </datafield>
  <datafield tag="955" ind1=" " ind2=" ">
    <subfield code="b">BENT</subfield>
    <subfield code="p">39015071847193</subfield>
    <subfield code="z">Proposed 1990 circulation plan (4th draft), map errata sheet and appendices, 1977</subfield>
  </datafield>
  <datafield tag="955" ind1=" " ind2=" ">
    <subfield code="b">BENT</subfield>
    <subfield code="p">39015071847201</subfield>
    <subfield code="z">Proposed 1990 circulation plan (4th draft), 1977</subfield>
  </datafield>
  <datafield tag="955" ind1=" " ind2=" ">
    <subfield code="b">BENT</subfield>
    <subfield code="p">39015071847219</subfield>
    <subfield code="z">Vacant land inventory, 1978</subfield>
  </datafield>
  <datafield tag="955" ind1=" " ind2=" ">
    <subfield code="b">BENT</subfield>
    <subfield code="p">39015071847227</subfield>
    <subfield code="z">Proposed parks and open space plan, 1978</subfield>
  </datafield>
  <datafield tag="955" ind1=" " ind2=" ">
    <subfield code="b">BENT</subfield>
    <subfield code="p">39015071847235</subfield>
    <subfield code="z">Analysis of planning options and recommendations: a study of transitional and vacant land areas in Ann Arbor, 1980</subfield>
  </datafield>
  <datafield tag="955" ind1=" " ind2=" ">
    <subfield code="b">BENT</subfield>
    <subfield code="p">39015071847243</subfield>
    <subfield code="z">Planning options for Ann Arbor: a preliminary paper on land use options for transitional and vacant land areas, 1980</subfield>
  </datafield>
  <datafield tag="955" ind1=" " ind2=" ">
    <subfield code="b">BENT</subfield>
    <subfield code="p">39015071847250</subfield>
    <subfield code="z">Ann Arbor's housing supply and household characteristics, 1980</subfield>
  </datafield>
  <datafield tag="955" ind1=" " ind2=" ">
    <subfield code="b">BENT</subfield>
    <subfield code="p">39015071847268</subfield>
    <subfield code="z">Ann Arbor household survey, supplemental tables (Preliminary), 1980</subfield>
  </datafield>
  <datafield tag="955" ind1=" " ind2=" ">
    <subfield code="b">BENT</subfield>
    <subfield code="p">39015071847276</subfield>
    <subfield code="z">Ann Arbor community natural features inventory, 1981</subfield>
  </datafield>
  <datafield tag="955" ind1=" " ind2=" ">
    <subfield code="b">BENT</subfield>
    <subfield code="p">39015071847284</subfield>
    <subfield code="z">Plan for transitional and vacant land areas, 1981</subfield>
  </datafield>
  <datafield tag="955" ind1=" " ind2=" ">
    <subfield code="b">BENT</subfield>
    <subfield code="p">39015071847292</subfield>
    <subfield code="z">Ann Arbor's park, recreation and open space plan, Preliminary draft, June 1981</subfield>
  </datafield>
  <datafield tag="955" ind1=" " ind2=" ">
    <subfield code="b">BENT</subfield>
    <subfield code="p">39015071847300</subfield>
    <subfield code="z">Zoning chapter revisions (Draft), 1981</subfield>
  </datafield>
  <datafield tag="955" ind1=" " ind2=" ">
    <subfield code="b">BENT</subfield>
    <subfield code="p">39015071847318</subfield>
    <subfield code="z">Ann Arbor's park, recreation and open space plan, Final draft, June 1981</subfield>
  </datafield>
  <datafield tag="955" ind1=" " ind2=" ">
    <subfield code="b">BENT</subfield>
    <subfield code="p">39015071847326</subfield>
    <subfield code="z">A guide for change: policies for public and private action, Second draft, 1969</subfield>
  </datafield>
  <datafield tag="955" ind1=" " ind2=" ">
    <subfield code="b">BENT</subfield>
    <subfield code="p">39015071847334</subfield>
    <subfield code="z">The Ann Arbor growth study, 1972</subfield>
  </datafield>
  <datafield tag="955" ind1=" " ind2=" ">
    <subfield code="b">BENT</subfield>
    <subfield code="p">39015071847342</subfield>
    <subfield code="z">A guide for change: policies for public and private action, Preliminary: for citizen review and discussion, 1969</subfield>
  </datafield>
  <datafield tag="955" ind1=" " ind2=" ">
    <subfield code="b">BENT</subfield>
    <subfield code="p">39015071847359</subfield>
    <subfield code="z">Plan for parks and open space (General development plan, Part 2, chapter 2), 1965</subfield>
  </datafield>
  <datafield tag="955" ind1=" " ind2=" ">
    <subfield code="b">BENT</subfield>
    <subfield code="p">39015071847367</subfield>
    <subfield code="z">A guide to action: the Ann Arbor Central Area 1962</subfield>
  </datafield>
  <datafield tag="955" ind1=" " ind2=" ">
    <subfield code="b">BENT</subfield>
    <subfield code="p">39015071847375</subfield>
    <subfield code="z">Ann Arbor downtown data: establishment file, 1983</subfield>
  </datafield>
  <datafield tag="955" ind1=" " ind2=" ">
    <subfield code="b">BENT</subfield>
    <subfield code="p">39015071847383</subfield>
    <subfield code="z">Ann Arbor downtown data: block data, 1983</subfield>
  </datafield>
  <datafield tag="955" ind1=" " ind2=" ">
    <subfield code="b">BENT</subfield>
    <subfield code="p">39015071847391</subfield>
    <subfield code="z">The Ann Arbor corridor study: design guidelines for major roadways, Ann Arbor, Michigan (Summary report), 1983</subfield>
  </datafield>
  <datafield tag="955" ind1=" " ind2=" ">
    <subfield code="b">BENT</subfield>
    <subfield code="p">39015071847409</subfield>
    <subfield code="z">Ann Arbor's plan for parks, recreation and open space, 1988-1994 (Preliminary draft), 1987</subfield>
  </datafield>
  <datafield tag="955" ind1=" " ind2=" ">
    <subfield code="b">BENT</subfield>
    <subfield code="p">39015071847417</subfield>
    <subfield code="z">Ann Arbor downtown plan: final report summary, 1988</subfield>
  </datafield>
  <datafield tag="955" ind1=" " ind2=" ">
    <subfield code="b">BENT</subfield>
    <subfield code="p">39015071847425</subfield>
    <subfield code="z">Ann Arbor downtown plan: final draft summary, 1988</subfield>
  </datafield>
  <datafield tag="955" ind1=" " ind2=" ">
    <subfield code="b">BENT</subfield>
    <subfield code="p">39015071847433</subfield>
    <subfield code="z">Ann Arbor downtown plan: appendixes, 1988</subfield>
  </datafield>
  <datafield tag="955" ind1=" " ind2=" ">
    <subfield code="b">BENT</subfield>
    <subfield code="p">39015071847441</subfield>
    <subfield code="z">Ann Arbor downtown plan, 1988</subfield>
  </datafield>
  <datafield tag="955" ind1=" " ind2=" ">
    <subfield code="b">BENT</subfield>
    <subfield code="p">39015071847458</subfield>
    <subfield code="z">Northeast area plan for the city of Ann Arbor, 1989</subfield>
  </datafield>
  <datafield tag="955" ind1=" " ind2=" ">
    <subfield code="b">BENT</subfield>
    <subfield code="p">39015071847466</subfield>
    <subfield code="z">Ann Arbor transportation plan update, 1990</subfield>
  </datafield>
  <datafield tag="955" ind1=" " ind2=" ">
    <subfield code="b">BENT</subfield>
    <subfield code="p">39015071847474</subfield>
    <subfield code="z">Central area plan summary, 1992</subfield>
  </datafield>
  <datafield tag="955" ind1=" " ind2=" ">
    <subfield code="b">BENT</subfield>
    <subfield code="p">39015071847482</subfield>
    <subfield code="z">Central area plan, 1992</subfield>
  </datafield>
  <datafield tag="955" ind1=" " ind2=" ">
    <subfield code="b">BENT</subfield>
    <subfield code="p">39015071847490</subfield>
    <subfield code="z">Informational booklet, proposed north central urban renewal project, Ann Arbor, Michigan, Date unknown</subfield>
  </datafield>
  <datafield tag="955" ind1=" " ind2=" ">
    <subfield code="b">BENT</subfield>
    <subfield code="p">B1062068</subfield>
  </datafield>
</record>
